<?xml version="1.0" encoding="UTF-8"?>
<!DOCTYPE html PUBLIC "-//W3C//DTD XHTML 1.0 Transitional//EN"
    "http://www.w3.org/TR/xhtml1/DTD/xhtml1-transitional.dtd">
<html xmlns="http://www.w3.org/1999/xhtml" xml:lang="en" lang="en">
 <head>
  <title>
</title>
<meta http-equiv="Content-Type" content="text/html;charset=utf-8" />
  <meta name='ocr-system' content='tesseract 3.04.00' />
  <meta name='ocr-capabilities' content='ocr_page ocr_carea ocr_par ocr_line ocrx_word'/>
</head>
<body>
  <div class='ocr_page' id='page_1' title='image "./mtulliiciceroni01gedigoog_0202.png"; bbox 0 0 2717 4550; ppageno 0'>
   <div class='ocr_carea' id='block_1_1' title="bbox 311 245 1276 353">
    <p class='ocr_par' dir='ltr' id='par_1_1' title="bbox 311 245 1276 353">
     <span class='ocr_line' id='line_1_1' title="bbox 311 245 1276 353; baseline -0.01 -26"><span class='ocrx_word' id='word_1_1' title='bbox 311 261 382 343; x_wconf 77' lang='lat'><strong>176</strong></span> <span class='ocrx_word' id='word_1_2' title='bbox 426 259 532 325; x_wconf 75' lang='lat' dir='ltr'><strong>Saea.</strong></span> <span class='ocrx_word' id='word_1_3' title='bbox 547 253 593 322; x_wconf 91' lang='lat'><strong>11.</strong></span> <span class='ocrx_word' id='word_1_4' title='bbox 604 245 758 338; x_wconf 74' lang='lat' dir='ltr'><strong>C.&#39;5.&#39;&#39;1m</strong></span> <span class='ocrx_word' id='word_1_5' title='bbox 770 253 876 319; x_wconf 72' lang='lat' dir='ltr'><strong>Part.</strong></span> <span class='ocrx_word' id='word_1_6' title='bbox 886 253 1194 353; x_wconf 67' lang='lat' dir='ltr'><strong>Gpincsssueauu.</strong></span> <span class='ocrx_word' id='word_1_7' title='bbox 1273 291 1276 306; x_wconf 87' lang='lat'>·</span> 
     </span>
    </p>
   </div>
   <div class='ocr_carea' id='block_1_2' title="bbox 114 413 1344 3415">
    <p class='ocr_par' dir='ltr' id='par_1_2' title="bbox 314 413 1249 511">
     <span class='ocr_line' id='line_1_2' title="bbox 314 413 1249 511; baseline -0.009 -14"><span class='ocrx_word' id='word_1_8' title='bbox 314 413 510 497; x_wconf 75' lang='lat' dir='ltr'><strong>habuerunt</strong></span> <span class='ocrx_word' id='word_1_9' title='bbox 542 430 615 493; x_wconf 78' lang='lat' dir='ltr'><strong>&#39;Sed</strong></span> <span class='ocrx_word' id='word_1_10' title='bbox 636 432 787 511; x_wconf 73' lang='lat' dir='ltr'><strong>utrique,</strong></span> <span class='ocrx_word' id='word_1_11' title='bbox 816 419 959 491; x_wconf 77' lang='lat' dir='ltr'><strong>Platonis</strong></span> <span class='ocrx_word' id='word_1_12' title='bbox 987 428 1133 489; x_wconf 87' lang='lat' dir='ltr'><strong>ubertate</strong></span> <span class='ocrx_word' id='word_1_13' title='bbox 1153 448 1249 489; x_wconf 91' lang='lat' dir='ltr'><strong>com-</strong></span> 
     </span>
    </p>

    <p class='ocr_par' dir='ltr' id='par_1_3' title="bbox 264 514 1344 1097">
     <span class='ocr_line' id='line_1_3' title="bbox 264 514 1247 616; baseline -0.006 -24"><span class='ocrx_word' id='word_1_14' title='bbox 264 565 266 576; x_wconf 45' lang='grc' dir='ltr'>ν</span> <span class='ocrx_word' id='word_1_15' title='bbox 289 514 400 616; x_wconf 50' lang='lat' dir='ltr'><strong>7pleti,</strong></span> <span class='ocrx_word' id='word_1_16' title='bbox 423 531 545 600; x_wconf 81' lang='lat' dir='ltr'><strong>certam</strong></span> <span class='ocrx_word' id='word_1_17' title='bbox 561 529 725 608; x_wconf 88' lang='lat' dir='ltr'><strong>quandam</strong></span> <span class='ocrx_word' id='word_1_18' title='bbox 746 524 930 607; x_wconf 88' lang='lat' dir='ltr'><strong>disciplinae</strong></span> <span class='ocrx_word' id='word_1_19' title='bbox 952 526 1133 585; x_wconf 80' lang='lat' dir='ltr'><strong>solmulam</strong></span> <span class='ocrx_word' id='word_1_20' title='bbox 1152 545 1247 587; x_wconf 90' lang='lat' dir='ltr'><strong>com·</strong></span> 
     </span>
     <span class='ocr_line' id='line_1_4' title="bbox 309 623 1246 711; baseline -0.006 -22"><span class='ocrx_word' id='word_1_21' title='bbox 309 629 503 711; x_wconf 87' lang='lat' dir='ltr'><strong>posuerunt,</strong></span> <span class='ocrx_word' id='word_1_22' title='bbox 527 641 557 687; x_wconf 88' lang='lat' dir='ltr'><strong>et</strong></span> <span class='ocrx_word' id='word_1_23' title='bbox 580 645 652 685; x_wconf 86' lang='lat' dir='ltr'><strong>eam</strong></span> <span class='ocrx_word' id='word_1_24' title='bbox 666 626 801 703; x_wconf 88' lang='lat' dir='ltr'><strong>quidem</strong></span> <span class='ocrx_word' id='word_1_25' title='bbox 812 623 947 703; x_wconf 83' lang='lat' dir='ltr'>plenam</span> <span class='ocrx_word' id='word_1_26' title='bbox 960 642 994 682; x_wconf 90' lang='lat' dir='ltr'><strong>ac</strong></span> <span class='ocrx_word' id='word_1_27' title='bbox 1014 623 1186 685; x_wconf 81' lang='lat' dir='ltr'><strong>refertam:</strong></span> <span class='ocrx_word' id='word_1_28' title='bbox 1207 624 1246 683; x_wconf 88' lang='lat' dir='ltr'><strong>il·</strong></span> 
     </span>
     <span class='ocr_line' id='line_1_5' title="bbox 310 720 1247 788; baseline -0.005 -1"><span class='ocrx_word' id='word_1_29' title='bbox 310 728 381 787; x_wconf 88' lang='lat' dir='ltr'><strong>lam</strong></span> <span class='ocrx_word' id='word_1_30' title='bbox 408 739 519 788; x_wconf 87' lang='lat' dir='ltr'><strong>autem</strong></span> <span class='ocrx_word' id='word_1_31' title='bbox 542 723 735 785; x_wconf 80' lang='lat' dir='ltr'><strong>Socraticam</strong></span> <span class='ocrx_word' id='word_1_32' title='bbox 765 723 1003 781; x_wconf 82' lang='lat' dir='ltr'><strong>dubitationem</strong></span> <span class='ocrx_word' id='word_1_33' title='bbox 1024 720 1064 780; x_wconf 88' lang='lat' dir='ltr'><strong>de</strong></span> <span class='ocrx_word' id='word_1_34' title='bbox 1086 721 1247 783; x_wconf 73' lang='lat' dir='ltr'><strong>omnibus</strong></span> 
     </span>
     <span class='ocr_line' id='line_1_6' title="bbox 310 815 1247 885; baseline -0.004 0"><span class='ocrx_word' id='word_1_35' title='bbox 310 828 408 885; x_wconf 64' lang='lat' dir='ltr'><strong>rebus</strong></span> <span class='ocrx_word' id='word_1_36' title='bbox 423 825 453 883; x_wconf 81' lang='lat' dir='ltr'><strong>et</strong></span> <span class='ocrx_word' id='word_1_37' title='bbox 466 821 556 882; x_wconf 87' lang='lat' dir='ltr'><strong>nulla</strong></span> <span class='ocrx_word' id='word_1_38' title='bbox 581 815 795 882; x_wconf 82' lang='lat' dir='ltr'><strong>affirmatione</strong></span> <span class='ocrx_word' id='word_1_39' title='bbox 818 817 957 879; x_wconf 81' lang='lat' dir='ltr'><strong>adhibita</strong></span> <span class='ocrx_word' id='word_1_40' title='bbox 973 816 1247 882; x_wconf 77' lang='lat' dir='ltr'>consuetudinem</span> 
     </span>
     <span class='ocr_line' id='line_1_7' title="bbox 311 914 1344 997; baseline -0.005 -16"><span class='ocrx_word' id='word_1_41' title='bbox 311 921 481 982; x_wconf 81' lang='lat' dir='ltr'><strong>disserendi</strong></span> <span class='ocrx_word' id='word_1_42' title='bbox 506 919 718 996; x_wconf 86' lang='lat' dir='ltr'><strong>reliquerunt.</strong></span> <span class='ocrx_word' id='word_1_43' title='bbox 761 919 808 977; x_wconf 92' lang='lat' dir='ltr'><strong>lta</strong></span> <span class='ocrx_word' id='word_1_44' title='bbox 822 916 909 975; x_wconf 85' lang='lat' dir='ltr'><strong>&#39;facte</strong></span> <span class='ocrx_word' id='word_1_45' title='bbox 931 914 974 974; x_wconf 89' lang='lat' dir='ltr'><strong>est</strong></span> <span class='ocrx_word' id='word_1_46' title='bbox 995 916 1082 997; x_wconf 90' lang='lat' dir='ltr'><strong>quod</strong></span> <span class='ocrx_word' id='word_1_47' title='bbox 1100 918 1245 977; x_wconf 78' lang='lat' dir='ltr'><strong>minime</strong></span> <span class='ocrx_word' id='word_1_48' title='bbox 1342 919 1344 930; x_wconf 66' lang='lat'><strong><em>⁴</em></strong></span> 
     </span>
     <span class='ocr_line' id='line_1_8' title="bbox 308 1000 1245 1097; baseline -0.007 -16"><span class='ocrx_word' id='word_1_49' title='bbox 308 1019 451 1081; x_wconf 78' lang='lat' dir='ltr'><strong>Socrates</strong></span> <span class='ocrx_word' id='word_1_50' title='bbox 465 1016 631 1097; x_wconf 78' lang='lat' dir='ltr'><strong>probabat,</strong></span> <span class='ocrx_word' id='word_1_51' title='bbox 652 1000 704 1074; x_wconf 78' lang='lat' dir='ltr'><strong>are</strong></span> <span class='ocrx_word' id='word_1_52' title='bbox 717 1013 875 1092; x_wconf 86' lang='lat' dir='ltr'><strong>quaedam</strong></span> <span class='ocrx_word' id='word_1_53' title='bbox 888 1010 1125 1093; x_wconf 79' lang='lat' dir='ltr'><strong>philosophiae,</strong></span> <span class='ocrx_word' id='word_1_54' title='bbox 1144 1026 1176 1074; x_wconf 90' lang='lat' dir='ltr'><strong>et</strong></span> <span class='ocrx_word' id='word_1_55' title='bbox 1191 1033 1245 1074; x_wconf 87' lang='lat' dir='ltr'><strong>re-</strong></span> 
     </span>
    </p>

    <p class='ocr_par' dir='ltr' id='par_1_4' title="bbox 423 1095 1245 1192">
     <span class='ocr_line' id='line_1_9' title="bbox 423 1095 1245 1192; baseline -0.002 -25"><span class='ocrx_word' id='word_1_56' title='bbox 423 1101 441 1188; x_wconf 74' lang='grc' dir='ltr'><strong> </strong></span> <span class='ocrx_word' id='word_1_57' title='bbox 537 1099 541 1104; x_wconf 60' lang='grc'><strong>’</strong></span> <span class='ocrx_word' id='word_1_58' title='bbox 970 1110 1024 1168; x_wconf 47' lang='lat'><strong>²4</strong></span> <span class='ocrx_word' id='word_1_59' title='bbox 1056 1095 1148 1192; x_wconf 76' lang='lat' dir='ltr'><strong>Quae</strong></span> <span class='ocrx_word' id='word_1_60' title='bbox 1169 1114 1245 1190; x_wconf 89' lang='lat' dir='ltr'><strong>qui.</strong></span> 
     </span>
    </p>

    <p class='ocr_par' dir='ltr' id='par_1_5' title="bbox 253 1207 1247 1389">
     <span class='ocr_line' id='line_1_10' title="bbox 253 1207 1247 1290; baseline 0 -18"><span class='ocrx_word' id='word_1_61' title='bbox 253 1225 256 1236; x_wconf 83' lang='grc'><em>·</em></span> <span class='ocrx_word' id='word_1_62' title='bbox 309 1213 386 1271; x_wconf 89' lang='lat' dir='ltr'><strong>dem</strong></span> <span class='ocrx_word' id='word_1_63' title='bbox 400 1225 464 1271; x_wconf 88' lang='lat' dir='ltr'><strong>erat</strong></span> <span class='ocrx_word' id='word_1_64' title='bbox 479 1213 587 1290; x_wconf 89' lang='lat' dir='ltr'><strong>primo</strong></span> <span class='ocrx_word' id='word_1_65' title='bbox 607 1208 754 1279; x_wconf 84' lang='lat' dir='ltr'><strong>duobus,</strong></span> <span class='ocrx_word' id='word_1_66' title='bbox 773 1209 918 1279; x_wconf 61' lang='lat' dir='ltr'><strong>nursini,</strong></span> <span class='ocrx_word' id='word_1_67' title='bbox 938 1207 1148 1281; x_wconf 74' lang='lat' dir='ltr'><strong>nominibus,</strong></span> <span class='ocrx_word' id='word_1_68' title='bbox 1167 1211 1247 1272; x_wconf 80' lang='lat' dir='ltr'><strong>urla.</strong></span> 
     </span>
     <span class='ocr_line' id='line_1_11' title="bbox 310 1291 1247 1389; baseline -0.014 -18"><span class='ocrx_word' id='word_1_69' title='bbox 310 1309 402 1371; x_wconf 82' lang='lat' dir='ltr'><strong>Nilril</strong></span> <span class='ocrx_word' id='word_1_70' title='bbox 415 1297 506 1389; x_wconf 80' lang='lat' dir='ltr'><strong>enini</strong></span> <span class='ocrx_word' id='word_1_71' title='bbox 513 1301 599 1365; x_wconf 87' lang='lat' dir='ltr'><strong>inter</strong></span> <span class='ocrx_word' id='word_1_72' title='bbox 611 1295 835 1385; x_wconf 83' lang='lat' dir='ltr'><strong>Peripateticos</strong></span> <span class='ocrx_word' id='word_1_73' title='bbox 852 1291 883 1365; x_wconf 80' lang='lat' dir='ltr'><strong>et</strong></span> <span class='ocrx_word' id='word_1_74' title='bbox 897 1304 989 1364; x_wconf 89' lang='lat' dir='ltr'><strong>illam</strong></span> <span class='ocrx_word' id='word_1_75' title='bbox 1003 1313 1148 1364; x_wconf 77' lang='lat' dir='ltr'><strong>veterem</strong></span> <span class='ocrx_word' id='word_1_76' title='bbox 1161 1306 1247 1366; x_wconf 87' lang='lat' dir='ltr'><strong>Aca.</strong></span> 
     </span>
    </p>

    <p class='ocr_par' dir='ltr' id='par_1_6' title="bbox 286 1400 1274 1773">
     <span class='ocr_line' id='line_1_12' title="bbox 286 1400 1274 1485; baseline -0.004 -17"><span class='ocrx_word' id='word_1_77' title='bbox 286 1409 289 1414; x_wconf 75' lang='grc'><em>’</em></span> <span class='ocrx_word' id='word_1_78' title='bbox 313 1409 461 1468; x_wconf 73' lang='lat' dir='ltr'><strong>dentiam</strong></span> <span class='ocrx_word' id='word_1_79' title='bbox 493 1403 679 1464; x_wconf 48' lang='lat' dir='ltr'><strong>differebat,</strong></span> <span class='ocrx_word' id='word_1_80' title='bbox 695 1437 700 1446; x_wconf 88' lang='lat'><strong>·</strong></span> <span class='ocrx_word' id='word_1_81' title='bbox 715 1400 1089 1482; x_wconf 74' lang='lat' dir='ltr'><strong>Abunrlentia&#39;quadam</strong></span> <span class='ocrx_word' id='word_1_82' title='bbox 1120 1404 1247 1485; x_wconf 84' lang='lat' dir='ltr'><strong>ingenii</strong></span> <span class='ocrx_word' id='word_1_83' title='bbox 1268 1447 1274 1456; x_wconf 76' lang='lat'><em>-</em></span> 
     </span>
     <span class='ocr_line' id='line_1_13' title="bbox 310 1481 1245 1587; baseline -0.002 -23"><span class='ocrx_word' id='word_1_84' title='bbox 310 1481 545 1587; x_wconf 63' lang='lat' dir='ltr'><strong>praestabatur</strong></span> <span class='ocrx_word' id='word_1_85' title='bbox 562 1503 646 1560; x_wconf 83' lang='lat' dir='ltr'><strong>nriui</strong></span> <span class='ocrx_word' id='word_1_86' title='bbox 663 1501 792 1560; x_wconf 84' lang='lat' dir='ltr'><strong>videtur</strong></span> <span class='ocrx_word' id='word_1_87' title='bbox 805 1493 950 1579; x_wconf 83' lang='lat' dir='ltr'><strong>quidem,</strong></span> <span class='ocrx_word' id='word_1_88' title='bbox 965 1497 1166 1561; x_wconf 78' lang='lat' dir='ltr'><strong>Aristoteleea</strong></span> <span class='ocrx_word' id='word_1_89' title='bbox 1190 1501 1245 1562; x_wconf 85' lang='lat' dir='ltr'><strong>sed</strong></span> 
     </span>
     <span class='ocr_line' id='line_1_14' title="bbox 311 1595 1243 1679; baseline 0.001 -20"><span class='ocrx_word' id='word_1_90' title='bbox 311 1603 402 1660; x_wconf 87' lang='lat' dir='ltr'><strong>idem</strong></span> <span class='ocrx_word' id='word_1_91' title='bbox 416 1601 489 1658; x_wconf 86' lang='lat' dir='ltr'><strong>sons</strong></span> <span class='ocrx_word' id='word_1_92' title='bbox 503 1610 571 1669; x_wconf 79' lang='lat' dir='ltr'><strong>erat</strong></span> <span class='ocrx_word' id='word_1_93' title='bbox 579 1597 747 1678; x_wconf 80' lang='lat' dir='ltr'><strong>utrisque,</strong></span> <span class='ocrx_word' id='word_1_94' title='bbox 768 1610 801 1656; x_wconf 89' lang='lat' dir='ltr'><strong>et</strong></span> <span class='ocrx_word' id='word_1_95' title='bbox 819 1596 937 1657; x_wconf 86' lang='lat' dir='ltr'><strong>eadem</strong></span> <span class='ocrx_word' id='word_1_96' title='bbox 949 1616 1069 1664; x_wconf 79' lang='lat' dir='ltr'><strong>terum</strong></span> <span class='ocrx_word' id='word_1_97' title='bbox 1090 1595 1243 1679; x_wconf 54' lang='lat' dir='ltr'><strong>expetenss</strong></span> 
     </span>
     <span class='ocr_line' id='line_1_15' title="bbox 311 1695 887 1775; baseline -0.007 -18"><span class='ocrx_word' id='word_1_98' title='bbox 311 1697 428 1757; x_wconf 86' lang='lat' dir='ltr'><strong>darum</strong></span> <span class='ocrx_word' id='word_1_99' title='bbox 443 1695 738 1775; x_wconf 78' lang='lat' dir='ltr'><strong>fugiendarumque</strong></span> <span class='ocrx_word' id='word_1_100' title='bbox 750 1696 887 1773; x_wconf 90' lang='lat' dir='ltr'><strong>partitio.</strong></span> 
     </span>
    </p>

    <p class='ocr_par' dir='ltr' id='par_1_7' title="bbox 114 1747 1313 1968">
     <span class='ocr_line' id='line_1_16' title="bbox 114 1747 1313 1880; baseline 0.006 -30"><span class='ocrx_word' id='word_1_101' title='bbox 114 1825 116 1832; x_wconf 69' lang='lat'><strong>,</strong></span> <span class='ocrx_word' id='word_1_102' title='bbox 210 1781 253 1851; x_wconf 71' lang='grc' dir='ltr'><strong>ἰ.</strong></span> <span class='ocrx_word' id='word_1_103' title='bbox 271 1796 300 1854; x_wconf 83' lang='grc'><strong>5.</strong></span> <span class='ocrx_word' id='word_1_104' title='bbox 396 1792 470 1854; x_wconf 85' lang='lat' dir='ltr'><strong>Fuit</strong></span> <span class='ocrx_word' id='word_1_105' title='bbox 486 1803 563 1872; x_wconf 79' lang='lat' dir='ltr'><strong>ergo</strong></span> <span class='ocrx_word' id='word_1_106' title='bbox 574 1808 642 1867; x_wconf 80' lang='lat' dir='ltr'><strong>Jam</strong></span> <span class='ocrx_word' id='word_1_107' title='bbox 656 1803 781 1870; x_wconf 81' lang='lat' dir='ltr'><strong>accepta</strong></span> <span class='ocrx_word' id='word_1_108' title='bbox 802 1809 819 1851; x_wconf 84' lang='lat' dir='ltr'><strong>a</strong></span> <span class='ocrx_word' id='word_1_109' title='bbox 837 1792 977 1852; x_wconf 89' lang='lat' dir='ltr'><strong>Platone</strong></span> <span class='ocrx_word' id='word_1_110' title='bbox 998 1747 1244 1874; x_wconf 82' lang='lat' dir='ltr'><strong>philosophandi</strong></span> <span class='ocrx_word' id='word_1_111' title='bbox 1307 1869 1313 1880; x_wconf 90' lang='lat'>.</span> 
     </span>
     <span class='ocr_line' id='line_1_17' title="bbox 163 1887 1244 1968; baseline 0 -15"><span class='ocrx_word' id='word_1_112' title='bbox 163 1915 170 1922; x_wconf 91' lang='lat'><strong>·</strong></span> <span class='ocrx_word' id='word_1_113' title='bbox 203 1889 231 1900; x_wconf 76' lang='grc'><strong>“’</strong></span> <span class='ocrx_word' id='word_1_114' title='bbox 311 1893 393 1953; x_wconf 86' lang='lat' dir='ltr'><strong>ratio</strong></span> <span class='ocrx_word' id='word_1_115' title='bbox 408 1888 540 1968; x_wconf 80' lang='lat' dir='ltr'><strong>triplex:</strong></span> <span class='ocrx_word' id='word_1_116' title='bbox 563 1887 760 1948; x_wconf 87' lang='lat' dir='ltr'><strong>unadevita</strong></span> <span class='ocrx_word' id='word_1_117' title='bbox 780 1902 812 1948; x_wconf 88' lang='lat' dir='ltr'><strong>et</strong></span> <span class='ocrx_word' id='word_1_118' title='bbox 834 1891 999 1950; x_wconf 82' lang='lat' dir='ltr'><strong>moribus·</strong></span> <span class='ocrx_word' id='word_1_119' title='bbox 1020 1893 1115 1951; x_wconf 87' lang='lat' dir='ltr'><strong>altera</strong></span> <span class='ocrx_word' id='word_1_120' title='bbox 1131 1893 1244 1954; x_wconf 84' lang='lat' dir='ltr'><strong>dena·</strong></span> 
     </span>
    </p>

    <p class='ocr_par' dir='ltr' id='par_1_8' title="bbox 290 1985 1247 2167">
     <span class='ocr_line' id='line_1_18' title="bbox 290 1985 1247 2070; baseline 0.003 -22"><span class='ocrx_word' id='word_1_121' title='bbox 290 2051 293 2057; x_wconf 76' lang='grc'><em>,</em></span> <span class='ocrx_word' id='word_1_122' title='bbox 311 2004 384 2049; x_wconf 89' lang='lat' dir='ltr'><strong>tura</strong></span> <span class='ocrx_word' id='word_1_123' title='bbox 405 1998 437 2045; x_wconf 88' lang='lat' dir='ltr'><strong>et</strong></span> <span class='ocrx_word' id='word_1_124' title='bbox 460 1987 556 2066; x_wconf 76' lang='lat' dir='ltr'><strong>rebus</strong></span> <span class='ocrx_word' id='word_1_125' title='bbox 577 1985 724 2045; x_wconf 80' lang='lat' dir='ltr'><strong>occultis:</strong></span> <span class='ocrx_word' id='word_1_126' title='bbox 744 1987 834 2045; x_wconf 87' lang='lat' dir='ltr'><strong>tertia</strong></span> <span class='ocrx_word' id='word_1_127' title='bbox 848 1987 888 2045; x_wconf 91' lang='lat' dir='ltr'><strong>de</strong></span> <span class='ocrx_word' id='word_1_128' title='bbox 902 1987 1097 2061; x_wconf 84' lang='lat' dir='ltr'><strong>disserendo,</strong></span> <span class='ocrx_word' id='word_1_129' title='bbox 1114 2003 1146 2050; x_wconf 88' lang='lat' dir='ltr'><strong>et</strong></span> <span class='ocrx_word' id='word_1_130' title='bbox 1166 1991 1247 2070; x_wconf 85' lang='lat' dir='ltr'><strong>quid</strong></span> 
     </span>
     <span class='ocr_line' id='line_1_19' title="bbox 308 2079 1245 2167; baseline 0.002 -21"><span class='ocrx_word' id='word_1_131' title='bbox 308 2103 441 2159; x_wconf 78' lang='lat' dir='ltr'><strong>verum,</strong></span> <span class='ocrx_word' id='word_1_132' title='bbox 462 2081 539 2162; x_wconf 87' lang='lat' dir='ltr'><strong>quid</strong></span> <span class='ocrx_word' id='word_1_133' title='bbox 559 2079 695 2161; x_wconf 80' lang='lat' dir='ltr'><strong>salsum3</strong></span> <span class='ocrx_word' id='word_1_134' title='bbox 717 2084 794 2163; x_wconf 88' lang='lat' dir='ltr'><strong>quid</strong></span> <span class='ocrx_word' id='word_1_135' title='bbox 813 2097 943 2144; x_wconf 86' lang='lat' dir='ltr'><strong>rectum</strong></span> <span class='ocrx_word' id='word_1_136' title='bbox 961 2088 997 2145; x_wconf 91' lang='lat' dir='ltr'><strong>in</strong></span> <span class='ocrx_word' id='word_1_137' title='bbox 1014 2086 1157 2147; x_wconf 87' lang='lat' dir='ltr'><strong>oratione</strong></span> <span class='ocrx_word' id='word_1_138' title='bbox 1175 2106 1245 2167; x_wconf 85' lang='lat' dir='ltr'><strong>pra-</strong></span> 
     </span>
    </p>

    <p class='ocr_par' dir='ltr' id='par_1_9' title="bbox 244 2179 1245 2264">
     <span class='ocr_line' id='line_1_20' title="bbox 244 2179 1245 2264; baseline -0.008 -20"><span class='ocrx_word' id='word_1_139' title='bbox 244 2179 247 2205; x_wconf 72' lang='lat'><strong><em>⁵</em></strong></span> <span class='ocrx_word' id='word_1_140' title='bbox 310 2200 454 2252; x_wconf 81' lang='lat' dir='ltr'><strong>vumve3</strong></span> <span class='ocrx_word' id='word_1_141' title='bbox 482 2180 559 2259; x_wconf 89' lang='lat' dir='ltr'><strong>quid</strong></span> <span class='ocrx_word' id='word_1_142' title='bbox 584 2179 805 2255; x_wconf 74' lang='lat' dir='ltr'><strong>consentione,</strong></span> <span class='ocrx_word' id='word_1_143' title='bbox 831 2183 908 2260; x_wconf 93' lang='lat' dir='ltr'><strong>quid</strong></span> <span class='ocrx_word' id='word_1_144' title='bbox 937 2201 1137 2264; x_wconf 82' lang='lat' dir='ltr'><strong>repugnans,</strong></span> <span class='ocrx_word' id='word_1_145' title='bbox 1156 2183 1245 2260; x_wconf 87' lang='lat' dir='ltr'><strong>judi.</strong></span> 
     </span>
    </p>

    <p class='ocr_par' dir='ltr' id='par_1_10' title="bbox 132 2279 1245 2751">
     <span class='ocr_line' id='line_1_21' title="bbox 132 2279 1245 2357; baseline 0.006 -20"><span class='ocrx_word' id='word_1_146' title='bbox 132 2298 135 2303; x_wconf 68' lang='grc'><em>’</em></span> <span class='ocrx_word' id='word_1_147' title='bbox 183 2335 214 2347; x_wconf 67' lang='lat'><strong><em>„</em></strong></span> <span class='ocrx_word' id='word_1_148' title='bbox 315 2284 425 2343; x_wconf 89' lang='lat' dir='ltr'><strong>cando.</strong></span> <span class='ocrx_word' id='word_1_149' title='bbox 470 2280 519 2339; x_wconf 85' lang='lat' dir='ltr'><strong>Ac</strong></span> <span class='ocrx_word' id='word_1_150' title='bbox 540 2280 682 2356; x_wconf 85' lang='lat' dir='ltr'><strong>primam</strong></span> <span class='ocrx_word' id='word_1_151' title='bbox 703 2279 792 2337; x_wconf 81' lang='lat' dir='ltr'><strong>illam</strong></span> <span class='ocrx_word' id='word_1_152' title='bbox 816 2293 941 2357; x_wconf 88' lang='lat' dir='ltr'><strong>partem</strong></span> <span class='ocrx_word' id='word_1_153' title='bbox 968 2282 1055 2341; x_wconf 88' lang='lat' dir='ltr'><strong>bene</strong></span> <span class='ocrx_word' id='word_1_154' title='bbox 1073 2282 1245 2344; x_wconf 87' lang='lat' dir='ltr'><strong>vivendia</strong></span> 
     </span>
     <span class='ocr_line' id='line_1_22' title="bbox 313 2376 1245 2458; baseline 0.001 -19"><span class='ocrx_word' id='word_1_155' title='bbox 313 2392 429 2439; x_wconf 85' lang='lat' dir='ltr'><strong>natura</strong></span> <span class='ocrx_word' id='word_1_156' title='bbox 440 2376 602 2458; x_wconf 81' lang='lat' dir='ltr'><strong>petebant,</strong></span> <span class='ocrx_word' id='word_1_157' title='bbox 617 2380 710 2457; x_wconf 88' lang='lat' dir='ltr'><strong>eique</strong></span> <span class='ocrx_word' id='word_1_158' title='bbox 724 2376 903 2457; x_wconf 87' lang='lat' dir='ltr'><strong>parendum</strong></span> <span class='ocrx_word' id='word_1_159' title='bbox 921 2376 981 2438; x_wconf 88' lang='lat' dir='ltr'><strong>esse</strong></span> <span class='ocrx_word' id='word_1_160' title='bbox 994 2377 1162 2438; x_wconf 77' lang='lat' dir='ltr'><strong>&#39;dicebante</strong></span> <span class='ocrx_word' id='word_1_161' title='bbox 1183 2398 1245 2440; x_wconf 84' lang='lat' dir='ltr'><strong>ne-</strong></span> 
     </span>
     <span class='ocr_line' id='line_1_23' title="bbox 312 2474 1244 2556; baseline 0.002 -21"><span class='ocrx_word' id='word_1_162' title='bbox 312 2496 375 2555; x_wconf 90' lang='lat' dir='ltr'><strong>que</strong></span> <span class='ocrx_word' id='word_1_163' title='bbox 390 2475 454 2533; x_wconf 85' lang='lat' dir='ltr'><strong>ulla</strong></span> <span class='ocrx_word' id='word_1_164' title='bbox 470 2474 529 2532; x_wconf 88' lang='lat' dir='ltr'><strong>alia</strong></span> <span class='ocrx_word' id='word_1_165' title='bbox 549 2478 583 2531; x_wconf 90' lang='lat' dir='ltr'><strong>in</strong></span> <span class='ocrx_word' id='word_1_166' title='bbox 598 2495 644 2545; x_wconf 74' lang='lat' dir='ltr'><strong>re,</strong></span> <span class='ocrx_word' id='word_1_167' title='bbox 659 2475 719 2533; x_wconf 87' lang='lat' dir='ltr'><strong>nili</strong></span> <span class='ocrx_word' id='word_1_168' title='bbox 732 2475 767 2532; x_wconf 90' lang='lat' dir='ltr'><strong>in</strong></span> <span class='ocrx_word' id='word_1_169' title='bbox 781 2485 914 2548; x_wconf 70' lang='lat' dir='ltr'><strong>natura,</strong></span> <span class='ocrx_word' id='word_1_170' title='bbox 936 2477 1160 2556; x_wconf 86' lang='lat' dir='ltr'><strong>quaerendum</strong></span> <span class='ocrx_word' id='word_1_171' title='bbox 1182 2476 1244 2553; x_wconf 75' lang='lat' dir='ltr'><strong>else</strong></span> 
     </span>
     <span class='ocr_line' id='line_1_24' title="bbox 310 2571 1242 2655; baseline 0.005 -23"><span class='ocrx_word' id='word_1_172' title='bbox 310 2573 391 2655; x_wconf 81' lang='lat' dir='ltr'><strong>illud</strong></span> <span class='ocrx_word' id='word_1_173' title='bbox 416 2571 589 2629; x_wconf 84' lang='lat' dir='ltr'><strong>summum</strong></span> <span class='ocrx_word' id='word_1_174' title='bbox 615 2574 760 2642; x_wconf 84' lang='lat' dir='ltr'><strong>bonum,</strong></span> <span class='ocrx_word' id='word_1_175' title='bbox 793 2589 857 2653; x_wconf 87' lang='lat' dir='ltr'><strong>quo</strong></span> <span class='ocrx_word' id='word_1_176' title='bbox 887 2576 1000 2634; x_wconf 87' lang='lat' dir='ltr'><strong>omnia</strong></span> <span class='ocrx_word' id='word_1_177' title='bbox 1029 2573 1242 2637; x_wconf 81' lang='lat' dir='ltr'><strong>reserrentur:</strong></span> 
     </span>
     <span class='ocr_line' id='line_1_25' title="bbox 309 2667 1242 2751; baseline 0.002 -20"><span class='ocrx_word' id='word_1_178' title='bbox 309 2667 610 2749; x_wconf 75' lang='lat' dir='ltr'><strong>constituebantque</strong></span> <span class='ocrx_word' id='word_1_179' title='bbox 624 2683 811 2729; x_wconf 85' lang='lat' dir='ltr'><strong>extremum</strong></span> <span class='ocrx_word' id='word_1_180' title='bbox 832 2668 900 2728; x_wconf 63' lang='lat' dir='ltr'><strong>elle*</strong></span> <span class='ocrx_word' id='word_1_181' title='bbox 915 2671 1029 2729; x_wconf 88' lang='lat' dir='ltr'><strong>reruni</strong></span> <span class='ocrx_word' id='word_1_182' title='bbox 1051 2672 1242 2751; x_wconf 84' lang='lat' dir='ltr'><strong>expetenda·</strong></span> 
     </span>
    </p>

    <p class='ocr_par' dir='ltr' id='par_1_11' title="bbox 283 2765 1242 3044">
     <span class='ocr_line' id='line_1_26' title="bbox 283 2765 1241 2846; baseline 0.001 -17"><span class='ocrx_word' id='word_1_183' title='bbox 283 2782 286 2805; x_wconf 73' lang='lat'><strong>⁶</strong></span> <span class='ocrx_word' id='word_1_184' title='bbox 308 2788 387 2829; x_wconf 90' lang='lat' dir='ltr'><strong>rum</strong></span> <span class='ocrx_word' id='word_1_185' title='bbox 401 2780 433 2826; x_wconf 89' lang='lat' dir='ltr'><strong>et</strong></span> <span class='ocrx_word' id='word_1_186' title='bbox 447 2765 549 2825; x_wconf 81' lang='lat' dir='ltr'><strong>furem</strong></span> <span class='ocrx_word' id='word_1_187' title='bbox 563 2766 742 2841; x_wconf 87' lang='lat' dir='ltr'><strong>bonorum,</strong></span> <span class='ocrx_word' id='word_1_188' title='bbox 760 2767 914 2846; x_wconf 86' lang='lat' dir='ltr'><strong>adeptum</strong></span> <span class='ocrx_word' id='word_1_189' title='bbox 930 2767 990 2827; x_wconf 86' lang='lat' dir='ltr'><strong>esse</strong></span> <span class='ocrx_word' id='word_1_190' title='bbox 1011 2770 1122 2827; x_wconf 85' lang='lat' dir='ltr'><strong>omnia</strong></span> <span class='ocrx_word' id='word_1_191' title='bbox 1145 2789 1163 2829; x_wconf 87' lang='lat' dir='ltr'><strong>e</strong></span> <span class='ocrx_word' id='word_1_192' title='bbox 1181 2788 1241 2830; x_wconf 88' lang='lat' dir='ltr'><strong>na·</strong></span> 
     </span>
     <span class='ocr_line' id='line_1_27' title="bbox 307 2858 1242 2946; baseline 0.004 -22"><span class='ocrx_word' id='word_1_193' title='bbox 307 2878 391 2938; x_wconf 87' lang='lat' dir='ltr'><strong>tura,</strong></span> <span class='ocrx_word' id='word_1_194' title='bbox 406 2864 616 2925; x_wconf 61' lang='lat' dir='ltr'><strong>et‘annno&#39;et</strong></span> <span class='ocrx_word' id='word_1_195' title='bbox 630 2882 763 2946; x_wconf 90' lang='lat' dir='ltr'><strong>corpore</strong></span> <span class='ocrx_word' id='word_1_196' title='bbox 789 2877 821 2923; x_wconf 88' lang='lat' dir='ltr'><strong>et</strong></span> <span class='ocrx_word' id='word_1_197' title='bbox 843 2865 917 2929; x_wconf 86' lang='lat' dir='ltr'><strong>vita.</strong></span> <span class='ocrx_word' id='word_1_198' title='bbox 960 2864 1108 2944; x_wconf 80' lang='lat' dir='ltr'><strong>Corporis</strong></span> <span class='ocrx_word' id='word_1_199' title='bbox 1128 2858 1242 2928; x_wconf 79' lang='lat' dir='ltr'><strong>auteni</strong></span> 
     </span>
     <span class='ocr_line' id='line_1_28' title="bbox 307 2960 1241 3059; baseline -0.004 -36"><span class='ocrx_word' id='word_1_200' title='bbox 307 2966 366 3025; x_wconf 88' lang='lat' dir='ltr'><strong>alia</strong></span> <span class='ocrx_word' id='word_1_201' title='bbox 392 2961 555 3044; x_wconf 83' lang='lat' dir='ltr'><strong>ponebant</strong></span> <span class='ocrx_word' id='word_1_202' title='bbox 575 2961 694 3021; x_wconf 68' lang='lat' dir='ltr'><strong>ellani</strong></span> <span class='ocrx_word' id='word_1_203' title='bbox 710 2974 789 3035; x_wconf 82' lang='lat' dir='ltr'><strong>tote,</strong></span> <span class='ocrx_word' id='word_1_204' title='bbox 811 2961 869 3020; x_wconf 85' lang='lat' dir='ltr'><strong>alia</strong></span> <span class='ocrx_word' id='word_1_205' title='bbox 883 2965 918 3059; x_wconf 79' lang='lat' dir='ltr'><strong>in</strong></span> <span class='ocrx_word' id='word_1_206' title='bbox 930 2960 1092 3041; x_wconf 85' lang='lat' dir='ltr'><strong>partibua;</strong></span> <span class='ocrx_word' id='word_1_207' title='bbox 1109 2964 1241 3025; x_wconf 76' lang='lat' dir='ltr'><strong>‘valetu-</strong></span> 
     </span>
    </p>

    <p class='ocr_par' dir='ltr' id='par_1_12' title="bbox 229 3053 1238 3334">
     <span class='ocr_line' id='line_1_29' title="bbox 229 3053 1235 3140; baseline 0.002 -20"><span class='ocrx_word' id='word_1_208' title='bbox 229 3053 233 3061; x_wconf 73' lang='grc'><em>’</em></span> <span class='ocrx_word' id='word_1_209' title='bbox 308 3065 434 3133; x_wconf 87' lang='lat' dir='ltr'><strong>dinem,</strong></span> <span class='ocrx_word' id='word_1_210' title='bbox 455 3080 551 3134; x_wconf 71' lang='lat' dir='ltr'><strong>vires,</strong></span> <span class='ocrx_word' id='word_1_211' title='bbox 573 3060 884 3138; x_wconf 81' lang='lat' dir='ltr'><strong>pulcritudinem,</strong></span> <span class='ocrx_word' id='word_1_212' title='bbox 877 3079 909 3117; x_wconf 84' lang='lat' dir='ltr'><strong>tn</strong></span> <span class='ocrx_word' id='word_1_213' title='bbox 932 3072 1014 3123; x_wconf 87' lang='lat' dir='ltr'><strong>toto.</strong></span> <span class='ocrx_word' id='word_1_214' title='bbox 1035 3062 1235 3140; x_wconf 70' lang='lat' dir='ltr'><strong>inpartibus</strong></span> 
     </span>
     <span class='ocr_line' id='line_1_30' title="bbox 305 3153 1239 3247; baseline -0.002 -28"><span class='ocrx_word' id='word_1_215' title='bbox 305 3173 416 3245; x_wconf 80' lang='lat' dir='ltr'><strong>autern</strong></span> <span class='ocrx_word' id='word_1_216' title='bbox 431 3153 564 3213; x_wconf 67' lang='lat' dir='ltr'><strong>sensua‘</strong></span> <span class='ocrx_word' id='word_1_217' title='bbox 556 3172 641 3214; x_wconf 78' lang='lat' dir='ltr'><strong>inteo</strong></span> <span class='ocrx_word' id='word_1_218' title='bbox 624 3176 708 3236; x_wconf 82' lang='lat' dir='ltr'><strong>ros,</strong></span> <span class='ocrx_word' id='word_1_219' title='bbox 717 3170 748 3214; x_wconf 91' lang='lat' dir='ltr'><strong>et</strong></span> <span class='ocrx_word' id='word_1_220' title='bbox 762 3153 984 3247; x_wconf 85' lang='lat' dir='ltr'><strong>praestantiam</strong></span> <span class='ocrx_word' id='word_1_221' title='bbox 1005 3159 1147 3235; x_wconf 84' lang='lat' dir='ltr'><strong>aliquem</strong></span> <span class='ocrx_word' id='word_1_222' title='bbox 1165 3178 1239 3240; x_wconf 84' lang='lat' dir='ltr'><strong>par·</strong></span> 
     </span>
     <span class='ocr_line' id='line_1_31' title="bbox 295 3236 1238 3334; baseline -0.003 -18"><span class='ocrx_word' id='word_1_223' title='bbox 295 3252 625 3334; x_wconf 65' lang='lat' dir='ltr'><strong>·t1um11n„ularum</strong></span> <span class='ocrx_word' id='word_1_224' title='bbox 645 3255 733 3313; x_wconf 91' lang='lat' dir='ltr'><strong>utin</strong></span> <span class='ocrx_word' id='word_1_225' title='bbox 748 3242 897 3333; x_wconf 83' lang='lat' dir='ltr'><strong>pedibus,</strong></span> <span class='ocrx_word' id='word_1_226' title='bbox 913 3236 1130 3316; x_wconf 82' lang='lat' dir='ltr'><strong>celeritatem:</strong></span> <span class='ocrx_word' id='word_1_227' title='bbox 1151 3258 1238 3332; x_wconf 84' lang='lat' dir='ltr'><strong>vim,</strong></span> 
     </span>
    </p>

    <p class='ocr_par' dir='ltr' id='par_1_13' title="bbox 1053 3355 1239 3415">
     <span class='ocr_line' id='line_1_32' title="bbox 1053 3355 1239 3415; baseline 0.016 -3"><span class='ocrx_word' id='word_1_228' title='bbox 1053 3364 1058 3371; x_wconf 82' lang='lat'><strong>‘</strong></span> <span class='ocrx_word' id='word_1_229' title='bbox 1196 3355 1239 3415; x_wconf 86' lang='lat' dir='ltr'><strong>in</strong></span> 
     </span>
    </p>
   </div>
   <div class='ocr_carea' id='block_1_3' title="bbox 294 3518 1238 4089">
    <p class='ocr_par' dir='ltr' id='par_1_14' title="bbox 294 3518 1238 4089">
     <span class='ocr_line' id='line_1_33' title="bbox 294 3518 1238 3623; baseline 0 -22"><span class='ocrx_word' id='word_1_230' title='bbox 294 3520 304 3565; x_wconf 81' lang='lat' dir='ltr'><strong>l</strong></span> <span class='ocrx_word' id='word_1_231' title='bbox 336 3548 383 3620; x_wconf 76' lang='lat' dir='ltr'><strong>(a)</strong></span> <span class='ocrx_word' id='word_1_232' title='bbox 407 3544 509 3600; x_wconf 79' lang='lat' dir='ltr'><strong>Seniue</strong></span> <span class='ocrx_word' id='word_1_233' title='bbox 538 3544 585 3609; x_wconf 81' lang='lat' dir='ltr'><strong>esi,</strong></span> <span class='ocrx_word' id='word_1_234' title='bbox 611 3547 664 3600; x_wconf 85' lang='lat' dir='ltr'><strong>hoa</strong></span> <span class='ocrx_word' id='word_1_235' title='bbox 689 3526 898 3623; x_wconf 70' lang='lat' dir='ltr'><strong>philosophos,</strong></span> <span class='ocrx_word' id='word_1_236' title='bbox 920 3562 954 3603; x_wconf 88' lang='lat' dir='ltr'><strong>ut</strong></span> <span class='ocrx_word' id='word_1_237' title='bbox 973 3536 1051 3604; x_wconf 82' lang='lat' dir='ltr'><strong>nune</strong></span> <span class='ocrx_word' id='word_1_238' title='bbox 1068 3518 1238 3622; x_wconf 79' lang='lat' dir='ltr'><strong>loquimur,</strong></span> 
     </span>
     <span class='ocr_line' id='line_1_34' title="bbox 377 3628 1234 3704; baseline 0.004 -23"><span class='ocrx_word' id='word_1_239' title='bbox 377 3631 521 3700; x_wconf 79' lang='lat' dir='ltr'><strong>systemata</strong></span> <span class='ocrx_word' id='word_1_240' title='bbox 553 3628 767 3702; x_wconf 78' lang='lat' dir='ltr'><strong>philosophiae*</strong></span> <span class='ocrx_word' id='word_1_241' title='bbox 796 3628 946 3704; x_wconf 82' lang='lat' dir='ltr'><strong>discipulis</strong></span> <span class='ocrx_word' id='word_1_242' title='bbox 981 3633 1039 3686; x_wconf 78' lang='lat' dir='ltr'><strong>suis</strong></span> <span class='ocrx_word' id='word_1_243' title='bbox 1076 3630 1234 3685; x_wconf 84' lang='lat' dir='ltr'><strong>tradidisse.</strong></span> 
     </span>
     <span class='ocr_line' id='line_1_35' title="bbox 373 3707 1235 3783; baseline 0 -19"><span class='ocrx_word' id='word_1_244' title='bbox 373 3707 459 3764; x_wconf 84' lang='lat' dir='ltr'><strong>Licet</strong></span> <span class='ocrx_word' id='word_1_245' title='bbox 477 3709 555 3761; x_wconf 85' lang='lat' dir='ltr'><strong>enirn</strong></span> <span class='ocrx_word' id='word_1_246' title='bbox 581 3709 662 3762; x_wconf 81' lang='lat' dir='ltr'><strong>Plato</strong></span> <span class='ocrx_word' id='word_1_247' title='bbox 687 3709 721 3761; x_wconf 82' lang='lat' dir='ltr'><strong>de</strong></span> <span class='ocrx_word' id='word_1_248' title='bbox 745 3710 830 3762; x_wconf 74' lang='lat' dir='ltr'><strong>rebus</strong></span> <span class='ocrx_word' id='word_1_249' title='bbox 856 3712 982 3783; x_wconf 71' lang='lat' dir='ltr'><strong>physicis</strong></span> <span class='ocrx_word' id='word_1_250' title='bbox 1011 3728 1039 3765; x_wconf 91' lang='lat' dir='ltr'><strong>et</strong></span> <span class='ocrx_word' id='word_1_251' title='bbox 1069 3710 1235 3764; x_wconf 71' lang='lat' dir='ltr'><strong>dialectici·</strong></span> 
     </span>
     <span class='ocr_line' id='line_1_36' title="bbox 373 3789 1238 3865; baseline 0.001 -24"><span class='ocrx_word' id='word_1_252' title='bbox 373 3806 462 3860; x_wconf 81' lang='lat' dir='ltr'><strong>aeque</strong></span> <span class='ocrx_word' id='word_1_253' title='bbox 481 3808 512 3842; x_wconf 80' lang='lat' dir='ltr'><strong>ac</strong></span> <span class='ocrx_word' id='word_1_254' title='bbox 529 3790 688 3856; x_wconf 73' lang='lat' dir='ltr'><strong>moralibus</strong></span> <span class='ocrx_word' id='word_1_255' title='bbox 707 3790 816 3865; x_wconf 67' lang='lat' dir='ltr'><strong>egerim</strong></span> <span class='ocrx_word' id='word_1_256' title='bbox 833 3791 864 3844; x_wconf 89' lang='lat' dir='ltr'><strong>id</strong></span> <span class='ocrx_word' id='word_1_257' title='bbox 883 3804 978 3845; x_wconf 83' lang='lat' dir='ltr'><strong>tamen</strong></span> <span class='ocrx_word' id='word_1_258' title='bbox 999 3790 1102 3845; x_wconf 80' lang='lat' dir='ltr'><strong>ordine</strong></span> <span class='ocrx_word' id='word_1_259' title='bbox 1115 3789 1238 3844; x_wconf 83' lang='lat' dir='ltr'><strong>nonad-</strong></span> 
     </span>
     <span class='ocr_line' id='line_1_37' title="bbox 351 3867 1238 3941; baseline 0.009 -23"><span class='ocrx_word' id='word_1_260' title='bbox 351 3867 470 3922; x_wconf 77' lang='lat' dir='ltr'><strong>,hibito</strong></span> <span class='ocrx_word' id='word_1_261' title='bbox 490 3870 638 3941; x_wconf 67' lang='lat' dir='ltr'><strong>praestitit,</strong></span> <span class='ocrx_word' id='word_1_262' title='bbox 658 3888 711 3923; x_wconf 83' lang='lat' dir='ltr'><strong>uec</strong></span> <span class='ocrx_word' id='word_1_263' title='bbox 729 3871 757 3923; x_wconf 89' lang='lat' dir='ltr'><strong>ei</strong></span> <span class='ocrx_word' id='word_1_264' title='bbox 774 3871 835 3925; x_wconf 88' lang='lat' dir='ltr'><strong>suit</strong></span> <span class='ocrx_word' id='word_1_265' title='bbox 854 3873 886 3925; x_wconf 86' lang='lat' dir='ltr'><strong>in</strong></span> <span class='ocrx_word' id='word_1_266' title='bbox 915 3873 1026 3939; x_wconf 79' lang='lat' dir='ltr'><strong>anime,</strong></span> <span class='ocrx_word' id='word_1_267' title='bbox 1046 3870 1133 3929; x_wconf 77' lang='lat' dir='ltr'><strong>simul</strong></span> <span class='ocrx_word' id='word_1_268' title='bbox 1160 3871 1238 3929; x_wconf 79' lang='lat' dir='ltr'><strong>inte·</strong></span> 
     </span>
     <span class='ocr_line' id='line_1_38' title="bbox 369 3950 950 4031; baseline 0.002 -25"><span class='ocrx_word' id='word_1_269' title='bbox 369 3969 452 4031; x_wconf 75' lang='lat' dir='ltr'><strong>gram</strong></span> <span class='ocrx_word' id='word_1_270' title='bbox 471 3951 579 4006; x_wconf 72' lang='lat' dir='ltr'><strong>nodare</strong></span> <span class='ocrx_word' id='word_1_271' title='bbox 600 3951 795 4025; x_wconf 86' lang='lat' dir='ltr'><strong>disciplinam.</strong></span> <span class='ocrx_word' id='word_1_272' title='bbox 830 3950 950 4010; x_wconf 63' lang='lat' dir='ltr'><strong>Datin.</strong></span> 
     </span>
     <span class='ocr_line' id='line_1_39' title="bbox 436 4058 926 4089; baseline 0.002 -23"><span class='ocrx_word' id='word_1_273' title='bbox 436 4060 445 4089; x_wconf 68' lang='lat'><strong>,</strong></span> <span class='ocrx_word' id='word_1_274' title='bbox 923 4058 926 4067; x_wconf 92' lang='lat'><em>.</em></span> 
     </span>
    </p>
   </div>
   <div class='ocr_carea' id='block_1_4' title="bbox 0 0 1364 4550">
    <p class='ocr_par' dir='ltr' id='par_1_15' title="bbox 0 0 1364 4550">
     <span class='ocr_line' id='line_1_40' title="bbox 0 0 1364 4550; baseline 0 3"><span class='ocrx_word' id='word_1_275' title='bbox 0 0 1364 4550; x_wconf 95' lang='lat' dir='ltr'><strong> </strong></span> 
     </span>
    </p>
   </div>
  </div>
 </body>
</html>
