2717 4550
547 445 678 507 ΡΑοι
726 479 767 488 -

160 607 265 688 μελῶν
293 582 465 686 ἐξαλλαγῆς
493 601 548 666 καί
577 599 628 666 ἐπὶ
661 604 718 685 τῆς
746 596 906 685 ἀηδόνος,
938 597 960 684 ἥ
986 624 1019 667 τε
1050 607 1158 686 θαμα-

160 713 311 796 τροπάσα
343 706 406 792 χέει
438 704 600 791 πολυηχέα
642 701 769 791 φωνήν.
809 706 882 792 (οδ.
924 730 958 787 τ,
1000 708 1087 792 521.)
1130 711 1158 775 εί

162 815 197 882 δέ
228 817 261 881 οί
291 814 390 899 σοφοὶ
411 813 512 879 δεινοί
535 814 596 877 εἰσι
627 809 855 895 διαλέγεσθαι,
886 813 941 879 καὶ
974 812 1159 881 ἐπίστανται

45 950 48 955 ’
161 919 198 988 τό
243 917 324 987 αάτό
369 914 476 1004 νόημα
522 913 605 984 κατὰ
650 914 793 995 πολλοὺς
845 916 949 1002 λέγειν
990 916 1157 1005 τρόπους·

162 1024 365 1112 ἐπισπόμενοι
403 1024 438 1092 δέ
473 1021 616 1118 πολλοὺς
659 1021 802 1110 τρόπους
842 1020 949 1109 λόγων
989 1028 1060 1114 περὶ
1100 1032 1160 1094 τοῦ
1236 1062 1239 1071 =

162 1130 265 1201 αὐτοῦ
281 1135 301 1220 ¹)
324 1129 525 1217 πολύτροποι
554 1127 597 1198 ἀν
628 1125 707 1196 εἶεν.
743 1133 776 1196 οί
808 1130 843 1197 δὲ
867 1132 965 1217 σοφοί
992 1135 1047 1200 καί
1082 1130 1159 1219 ἀγα-

89 1331 92 1335 .
161 1242 219 1308 θολ
250 1242 335 1307 είσι.
378 1235 432 1305 διά
468 1234 566 1305 τοῦτό
606 1255 687 1327 φησι
726 1238 786 1308 τόν
823 1237 980 1308 Ὀδυσσέα
1016 1238 1161 1326 Ὅμηρος

163 1344 269 1432 σοφόν
297 1343 377 1411 ὅντα
404 1340 612 1431 πολύτροπον
645 1342 730 1414 είναι
762 1346 811 1415 ότι
848 1345 888 1433 δὴ
924 1355 994 1425 τοῖς
1027 1342 1157 1433 ἀνθρώ-

161 1476 237 1530 ποις
263 1448 419 1538 ἠπίστατο
449 1457 581 1529 πολλοῖς
613 1449 747 1540 τρόποις
781 1462 945 1521 συνεῖναι.
990 1451 1075 1520 οὕτω
1105 1453 1161 1519 καλ

164 1554 367 1644 Πυθαγόρας
399 1554 522 1641 λέγεται
543 1555 626 1645 πρός
647 1563 767 1645 παῖδας
791 1557 941 1640 ἀξιωθείς
961 1556 1163 1645 ποιήσασθαι
1204 1571 1206 1573 ’

163 1662 281 1750 λόγους
314 1667 478 1731 διαθεῖναι
507 1662 595 1752 πρὸς
615 1663 736 1743 αότοάς
766 1663 884 1751 λόγους
911 1663 1086 1743 παιδικοάς
1108 1666 1163 1732 καί

91 1768 95 1774 ’
163 1771 245 1858 πρὸς
270 1764 593 1856 ηυναίκαςγνυαιξίν
615 1767 793 1859 ἀρμοδίους
819 1773 873 1838 καί
895 1769 979 1860 πρός
1004 1770 1164 1858 ἄρχοντας
1214 1801 1221 1817 ·

164 1874 395 1964 ἀρχοντικοός,
417 1877 472 1943 καί
502 1875 584 1966 πρὸς
611 1874 755 1964 ἐφήβους
782 1872 973 1965 ἐφηβικοός.
1008 1875 1068 1944 τόν
1097 1874 1162 1962 γάρ

164 1982 339 2070 έκάστοιςῖ)
364 1981 558 2070 πρόσφορον
579 1981 703 2070 τρόπον
737 1989 794 2071 τῆς
820 1987 939 2070 σοφίας
967 1985 1160 2072 ἐξευρίσκειν

85 2096 93 2105 ’
165 2094 284 2177 σοφίας
302 2090 401 2157 ἐστίν·
425 2086 570 2173 ἀμαθίας
592 2088 627 2156 δέ
650 2087 734 2157 εἶναι
762 2087 799 2157 τό
824 2088 906 2178 πρός
927 2088 1006 2168 τοάς
1032 2087 1164 2176 ἀνομοί·

167 2203 236 2282 οὓς,
247 2192 483 2281 ἐντυγχάνοντα
502 2200 563 2261 τοῦ
590 2192 691 2280 λόγου
716 2194 753 2262 τό
776 2193 995 2283 μονότροπον.
1021 2195 1104 2283 ἔχειν
1126 2195 1189 2263 δὲ·

166 2306 289 2390 τοῦτοδ)
311 2303 366 2370 καί
388 2299 449 2389 τὴν
470 2300 616 2388 ἰατρικὴν
631 2302 666 2369 ἐν
681 2308 720 2389 τῇ
742 2307 799 2388 τῆς
820 2301 933 2390 τέχνης
946 2299 1162 2387 κατορθώσει,

166 2408 342 2497 ήσκηκυίας
369 2414 427 2494 τῆς
446 2411 622 2489 θεραπείας
643 2407 682 2476 τό
702 2406 910 2497 πολύτροπον
934 2406 989 2476 διά
1017 2407 1165 2495 τὴντῶν

167 2513 439 2603 θεραπευομένων
470 2517 631 2593 ποικιλίας
661 2512 831 2583 σύστασιν.
863 2511 983 2602 τρόπος
1011 2514 1071 2600 μέν
1102 2507 1164 2583 οὖν

75 2710 77 2716 y
166 2620 204 2689 τό
223 2624 437 2708 παλίμβολον,
468 2618 507 2687 τό
535 2626 595 2688 τοῦ
619 2619 727 2707 ἤθους
755 2618 1033 2708 πολυμετάβολον.
1064 2617 1165 2706 λόγου

168 2728 203 2796 δέ
223 2730 424 2815 πολυτροπία
450 2728 507 2794 καὶ
527 2732 638 2812 χρῆσις
662 2730 811 2794 ποικίλου
829 2725 930 2813 λόγου
952 2731 997 2814 εἰς
1015 2730 1163 2805 ποικίλας

48 2873 50 2878 ·
169 2832 269 2912 ἀκοάς
288 2835 488 2920 μονοτροπία
507 2835 644 2917 γίνεται.
666 2836 704 2900 ἓν
725 2832 788 2921 γὰρ
810 2839 855 2924 τῷ
881 2831 1002 2924 ἑκάστῳ
1027 2835 1160 2900 οἰκεῖον.

168 2938 220 3007 διὸ
247 2941 301 3005 καί
320 2937 359 3006 τό
389 2936 551 3026 ἁρμόδιον
571 2937 693 3029 ἑκάστῳ
714 2937 775 3027 τὴν
796 2942 970 3033 ποικιλίαν.μ
982 2944 1041 3006 τοῦ
1063 2936 1165 3024 λόγου

168 3049 214 3125 είς
239 3048 277 3113 έν
308 3044 487 3133 συναγείρει
515 3044 575 3113 τόν
602 3042 967 3132 έκάστονπρόσφορον.
998 3037 1036 3112 τό
1066 3042 1097 3112 δ’
1121 3036 1165 3113 αὖ

168 3151 334 3238 μονοειδὲς
354 3149 561 3237 ἀνάρμοστον
577 3150 636 3220 τόν
663 3150 748 3239 πρός
769 3149 871 3230 ἀκοάς
898 3148 1080 3239 διαφόρους
1105 3145 1171 3218 xo?
1212 3195 1215 3198 ,
1316 3153 1324 3162 '

169 3257 334 3352 λότροπον
353 3266 440 3325 ποιεί
464 3256 523 3326 τὸν
556 3254 622 3326 ἀπό
654 3264 784 3326 πολλῶν
817 3255 1002 3345 ἀπόβλητον
1034 3253 1078 3336 τίς
1107 3254 1166 3325 αό-

172 3375 242 3443 τοίς
260 3362 446 3451 ἀπόβλητον
463 3360 562 3450 λόγον
572 3367 636 3452 λμ
690 3374 696 3426 ἰ
1122 3369 1128 3387 '

222 3542 248 3615 1)
285 3548 388 3597 Eodem
400 3552 512 3599 auctore
530 3543 608 3612 περὶ
626 3544 688 3597 τοῦ
702 3540 812 3598 αὐτοῦ
825 3560 874 3611 pro
887 3543 949 3611 περὶ
961 3539 1047 3597 αὐτοῦ
1059 3548 1164 3611 scripsi.

223 3632 247 3700 2)
286 3629 449 3695 ἑκάστοις
467 3650 529 3686 cnm
548 3629 644 3687 eodem
663 3637 726 3688 dedi
744 3648 796 3700 pro
814 3651 841 3687 v.
860 3629 983 3700 ἑκάστην.
1143 3625 1149 3630 ’

223 3719 246 3788 ³)
283 3724 372 3787 Vulgo
390 3721 496 3775 τοῦτον.
907 3781 913 3786 ,

223 3807 246 3877 t)
284 3810 401 3866 Difficile
426 3816 468 3863 nst
495 3813 571 3864 dtctu
590 3815 623 3864 de
648 3814 702 3864 hnc
720 3811 853 3873 schotto(
867 3818 998 3878 qnantum
1016 3812 1163 3864 debeamus

172 3901 323 3966 Porphyrto
335 3905 466 3966 quantum
478 3900 641 3955 Antistheni.
649 3903 719 3954 vido
728 3904 881 3955 Buttmann.
895 3903 923 3953 in
931 3900 1053 3953 Αδδεοδ.
1064 3915 1091 3965 p.
1103 3900 1165 3952 562.
