2717 4550
529 469 569 480 ..
617 435 659 498 ις
708 469 749 480 ..

43 728 58 751 .
140 593 724 737 ΧῩΙΙΑΝΤΙΣΘΕΝΗΣ
743 593 1137 739 APfflfflllffl,

306 782 474 869 (Socratic.
500 785 623 871 epistol.
647 805 678 871 p.
706 790 758 850 15.
780 784 831 881 εδ.
857 784 968 868 Oreii.)

208 904 278 974 Οὐκ
317 906 383 973 ἔστι
411 910 510 974 τοῦτο
543 912 739 993 φιλοσοφεῖν
768 904 806 973 τὸ
845 904 934 991 παρὰ
967 903 1142 993 τυράννοις

140 1008 244 1079 εἶναι’
264 1012 319 1079 καί
358 1017 541 1090 Σικελικαῖς
585 1010 796 1099 προσανέχειν
835 1010 1019 1099 τραπέζαις,
1055 1008 1137 1078 άλλά

140 1123 264 1204 μᾶλλον
308 1115 346 1184 τὸ
386 1117 422 1184 έν
472 1122 512 1206 τῇ
550 1121 615 1209 ίδίῃι
659 1119 714 1184 καί
755 1114 927 1203 αὐτάρκων
979 1117 1140 1204 ἐφίεσθαι.

142 1222 196 1292 Σδ
232 1223 269 1291 δέ
303 1227 363 1291 οίει
393 1221 516 1310 ταύτην
544 1221 628 1292 είναι
658 1225 846 1304 πλεονεξίαν
876 1228 936 1290 τοῦ
961 1227 1142 1291 σπουδαίου

142 1329 180 1398 τδ
209 1327 375 1396 δύνασθαι
406 1328 466 1415 μέν
491 1335 632 1397 κτᾶσθαι
661 1327 809 1416 χρήματα
840 1326 960 1412 πολλά,
997 1326 1076 1408 τοδς
1107 1328 1142 1396 δέ

144 1433 392 1514 δυνατωτάτους
422 1435 506 1522 έχειν
532 1440 657 1523 φίλους.
706 1435 789 1503 Οὔτε
803 1434 866 1524 γάρ
883 1433 1030 1523 χρήματα
1046 1434 1142 1520 άναγ-

144 1539 222 1610 καῖά
249 1542 352 1624 ἐστιν,
377 1538 468 1624 οίίτε,
497 1545 524 1611 εί
553 1540 715 1628 άναχκαῖα
745 1534 803 1629 ἦν,
832 1541 918 1609 οὕτω
947 1538 1143 1629 ποριζόμενοι

144 1646 245 1716 καλά·
269 1647 342 1715 οὔτε
363 1652 454 1735 φίλοι
467 1647 614 1735 γένοιντο
637 1646 681 1715 άν
700 1650 734 1714 οἱ
752 1648 866 1715 πολλοὶ
883 1645 1021 1734 άμαθεῖς
1040 1646 1140 1729 ὄντες,

145 1756 199 1821 καί
228 1760 331 1821 ταῦτα
365 1752 537 1842 τύραννοι·
575 1753 656 1822 ὥστε
700 1755 752 1821 σοὶ
786 1751 1063 1841 συμβουλεύσαιμι
1101 1752 1145 1821 άν
1233 1744 1236 1751 ’

146 1859 275 1929 άπιέναι
290 1866 516 1949 Συρακουσῶν
538 1862 645 1928 τεκαὶ
667 1863 827 1938 Σικελίας.
863 1864 907 1927 Ei
925 1857 972 1943 δ’,
996 1859 1042 1939 ὥς
1064 1863 1147 1948 φασί

145 1992 247 2050 τινες,
270 1963 394 2054 ἡδονὴν
420 1965 616 2052 θαυμάζεις,
639 1968 695 2033 καί
720 1963 847 2033 τούτων
871 1964 1003 2055 άντέχῃ,
1033 1958 1080 2033 ὦν
1099 1964 1144 2053 μὴ
1212 2026 1217 2030 ,

146 2070 300 2161 προσήκει
319 2070 397 2151 τοδς
415 2076 597 2160 φρονίμους
614 2068 829 2159 ἀνθρώπους,
853 2071 950 2139 άπιθι
976 2075 1021 2150 είς
1044 2071 1142 2139 Ἀντί-

146 2204 267 2266 κυραν,
301 2180 356 2246 καὶ
391 2175 549 2265 ὠφελήσει
581 2194 616 2245 σε
649 2174 869 2266 ὁ.έλλέβορος
891 2180 1022 2256 ποθείς·
1059 2176 1144 2245 πολδ
1222 2185 1225 2189 ’

147 2289 304 2374 κρείσσων
333 2282 396 2373 γάρ
424 2285 511 2352 ἐστιν
547 2276 643 2363 οὗτος
675 2290 736 2352 τοῦ
765 2283 854 2369 παρά
881 2288 1062 2353 Διονυσίου
1100 2288 1148 2353 oi·
1230 2346 1241 2352 -

149 2417 221 2460 νου.
271 2389 411 2469 Ἐκεῖνος
430 2390 506 2482 μέν
537 2389 601 2478 γὰρ
628 2394 751 2476 μανίαν
771 2399 859 2459 ποιεῖ
878 2390 1016 2478 πολλὴν,
1050 2382 1147 2469 οὗτος

149 2498 185 2566 δέ
214 2495 385 2565 άποπαάει.
427 2493 570 2564 Ὁπόσον
603 2488 666 2565 οὖν
701 2494 808 2582 δχίειά
843 2495 877 2565 τε
908 2499 963 2565 καὶ
989 2495 1148 2585 φρόνησις

148 2602 253 2672 νάσου
286 2629 321 2671 τε
349 2604 404 2670 καί
433 2600 624 2691 άφροσάνῃς
648 2603 811 2691 διαφέρει,
841 2605 893 2671 ἐπὶ
917 2610 1075 2672 τοσοῦτον
1105 2602 1148 2671 άν

150 2713 205 2779 καί
225 2708 266 2778 σι)
294 2705 456 2796 διήνεχῖκες
481 2709 564 2797 πρὸς
585 2707 626 2777 τά
652 2716 716 2778 νῦν
740 2726 793 2778 σοι
812 2710 892 2779 ὄντα
901 2715 940 2797 1).
954 2711 1112 2799 Ἕῤῥωσο.

207 3013 231 3083 1)
268 3012 398 3078 AristIpp.
418 3015 453 3064 οδ
475 3013 593 3065 Antistii.
612 3030 639 3080 p.
661 3017 702 3065 17.
725 3016 773 3066 Or.
785 3009 885 3081 πέμψω
904 3011 934 3067 δὲ
951 3027 994 3066 σοι
1011 3014 1066 3067 των
1082 3011 1148 3081 θέρ·

151 3099 212 3168 μων
229 3100 284 3162 τὼς
300 3099 422 3167 μεγάλως
438 3117 468 3153 τε
485 3099 531 3153 καί
549 3091 662 3167 λευκὼς,
689 3097 723 3153 ἵν’
749 3098 809 3171 ἔχῃς
832 3100 917 3167 μετά
947 3100 984 3156 τδ
1011 3097 1148 3155 έπιδείι

150 3191 287 3257 ξασθαι
309 3187 375 3244 τὸν
398 3183 562 3257 Ἡρακλέα
584 3193 642 3251 τοῖς
665 3183 738 3252 νέοις
756 3186 937 3259 δποτρωχεῖν,
957 3195 1030 3257 φοοδ
1048 3192 1148 3243 referri

152 3282 260 3346 οροτίοι
272 3282 307 3331 ad
324 3281 514 3332 recitationem
532 3281 774 3333 Antisthenici
792 3283 970 3335 Herculis.
989 3284 1082 3336 ld.-ad
1096 3283 1148 3332 Δο-

152 3371 236 3421 schIn.
264 3370 283 3419 l.
301 3384 325 3420 ο.
343 3368 434 3421 ταῦτα
452 3363 483 3421 δέ
509 3362 726 3422 Ἀντισθένει
750 3369 788 3436 μὴ
807 3366 898 3439 λέξῃς,
923 3369 950 3422 εί
964 3365 1068 3422 σέσωκα
1084 3367 1150 3431 τοὺς

35 3473 39 3478 ·
152 3456 258 3525 φίλους.
288 3451 331 3510 Οά
348 3456 401 3525 χάρ
421 3451 498 3528 αάτῷ
515 3451 620 3524 ἀρέσκει
642 3455 786 3524 τυράννοις
810 3459 900 3525 φίλοις
921 3458 1056 3527 χρῆσθαι,
1080 3453 1148 3510 oin&
1227 3503 1232 3512 .

152 3544 217 3607 τοὺς
236 3540 430 3612 άλφιτοποίλας
447 3543 495 3598 καί
512 3543 566 3607 τοδς
583 3544 711 3613 καπήλως
734 3542 892 3615 άναζῃτεῖν,
917 3545 1015 3609 οἵτινες
1038 3546 1152 3608 δικαίως

152 3631 187 3686 τά
205 3625 309 3701 άλφιτα
327 3631 373 3686 καί
393 3632 443 3686 τὸν
461 3627 538 3687 οίνου
554 3635 692 3688 πωλοῦσιν
710 3631 740 3688 ἐν
758 3629 885 3702 Ἀθήναις
908 3634 954 3688 καί
976 3633 1026 3697 τὰς
1053 3632 1149 3703 ἐξωμί·
1225 3635 1229 3640 “

154 3722 205 3783 δας
223 3721 355 3788 μισθοῦσι
372 3717 424 3782 τάς
440 3721 569 3789 παχείας,
588 3716 696 3777 ὁπόταν
713 3722 741 3777 ολ
758 3724 886 3791 σκίρωνες
903 3722 1020 3777 πνέωντι
1037 3723 1084 3776 καὶ
1102 3722 1151 3778 τὸν

154 3805 482 3877 Σίμωναθεραπείειν.
496 3814 742 3867 Antisthenem
761 3815 913 3866 Simonis
925 3816 1043 3866 amicum
1055 3814 1150 3876 fuisse,

156 3901 284 3953 discimus
308 3901 391 3953 etiam
408 3914 441 3953 ex
464 3902 545 3967 episi.
564 3904 694 3969 Atistipp.
715 3906 750 3955 ad
769 3904 871 3956 Simon.
890 3918 916 3969 p.
936 3898 979 3956 18.
