2717 4550
607 448 816 507 ,ης-

687 647 743 710 ΙΙΙ.
767 707 771 719 .

279 814 438 883 Plutarch.
465 815 504 880 δε
528 815 643 880 vitioso
659 814 783 901 pudore
803 810 840 878 Τ.
865 810 936 877 Vll.
961 834 992 899 p.
1019 818 1093 877 121.
1119 816 1209 894 (536)

210 921 318 990 Reisk.
349 918 452 998 οὕτως
480 916 677 1005 άνάτρετιτος
712 909 754 1004 ἦν
781 918 835 983 καλ
858 913 1023 994 άνάλωτος
1050 912 1116 984 άπὸ
1139 921 1221 982 τῶν.

205 1025 364 1095 τοιούτων
391 1028 445 1092 καὶ
476 1030 604 1112 κρατεῖν
626 1024 748 1109 ἐκείνης
770 1028 826 1109 τῆς
848 1021 1081 1109 παραινέσεως,
1118 1021 1160 1107 ἢν
1190 1019 1208 1088 ὁ

203 1131 455 1199 Ἀντισθένιο
466 1128 534 1209 ςἩ
537 1136 660 1219 ρακλῆ
668 1155 684 1208 ς
700 1126 838 1217 παρῄνει
848 1137 916 1206 τοῖς
934 1129 1025 1194 παισὶ
1039 1131 1201 1195 διακελεν·

205 1238 321 1323 άμενος
344 1240 497 1325 μηδενὶ
519 1234 638 1324 χάριν
659 1237 765 1322 ἔχειν
785 1236 1024 1302 ἐπαινοῦντι
1045 1232 1205 1312 αὐτούς.

203 1351 299 1412 τοῦτο
331 1343 359 1412 δ’
400 1342 497 1411 οὐδὲν
529 1342 607 1410 άλλο
640 1340 662 1430 ἢ
684 1341 728 1429 μὴ
750 1346 988 1422 δυσωπεῖσθαι,
1025 1338 1097 1426 μηδ’
1121 1339 1207 1407 άντι-

204 1448 389 1519 κολακεάειν
411 1456 455 1540 τηῖ
481 1450 681 1518 ἐπαινοῦντι.
1163 1474 1166 1477 ’

681 1621 735 1683 lv.

214 1834 221 1847 ,
276 1771 501 1835 Eratosthenes
520 1768 735 1836 Catasterism.
760 1795 787 1837 ο.
813 1777 867 1837 40.
891 1793 921 1858 p.
935 1775 986 1835 30.
1005 1770 1056 1836 ed.
1081 1767 1205 1836 Schau-

210 1877 299 1942 bach.
325 1866 422 1952 οὖτος
444 1879 534 1941 δοκεῖ
556 1878 710 1960 Χείρων
732 1873 831 1956 εἶναι,
856 1872 874 1942 ὁ
898 1875 932 1943 ἐν
953 1880 999 1967 τῷ
1024 1876 1134 1965 Πηλίῳ
1158 1877 1206 1939 οί-

204 1979 306 2067 κησας
334 1977 524 2068 δικαιοσύνῃ
553 1980 588 2048 δὲ
618 1977 835 2069 άπερενέγκας
856 1978 980 2059 πάντας
1003 1977 1204 2067 ἀνθρώπους

202 2089 255 2154 καὶ
294 2082 471 2164 παιδεύσας
503 2083 694 2173 Ἀσκληπιόν
731 2112 764 2155 τε
802 2089 856 2154 καὶ
887 2084 1044 2174 Ἀχιλλέα.
1075 2084 1123 2172 ἐφ’
1162 2084 1203 2152 ὃν

200 2189 394 2281 Ἡρακλῆς
417 2196 507 2259 δοκεῖ
537 2192 673 2275 ἐλθεῖν
696 2192 741 2261 δι’
771 2193 898 2281 ἔρωτα
932 2195 1088 2280 (παιδείας
1117 2194 1207 2260 οδδίῑ

204 2300 394 2389 Koppiers),
429 2291 531 2390 ᾦκαῖ
559 2310 703 2368 συνεῖναι
734 2301 769 2368 ἐν
791 2307 835 2393 τῷ
859 2301 983 2393 άντρῳ,
1018 2306 1119 2385 τιμῶν
1140 2298 1201 2367 τὸν

206 2410 349 2489 Πάναί).
374 2404 501 2489 μόνον
523 2405 565 2472 δὲ
586 2404 659 2475 τδν
673 2406 909 2495 Κένταυρον
931 2406 1005 2475 οὐκ
1028 2406 1202 2486 άνεῖλεν,

203 2509 282 2577 ἀλλ’
305 2511 458 2597 ἤκουεν
481 2510 628 2594 αὐτοῦ,
651 2511 800 2600 καθάπερ
821 2512 1080 2598 Ἀντισθένης
1102 2514 1203 2600 φησίν
1239 2517 1242 2524 “

206 2613 223 2681 ὁ
251 2616 457 2702 Σωκρατικὸς
480 2618 521 2684 ἐν
542 2623 593 2707 τῷ
612 2614 808 2705 Ἡρακλεῖ.
856 2620 997 2688 Εοδοοίο
1021 2643 1050 2707 p.
1080 2625 1155 2685 437.

684 2790 722 2869 v.

274 2938 409 3005 Proclus
444 2943 476 3005 in
517 2941 597 3008 ΡΙοί.
637 2940 741 3007 Alcib.
776 2941 960 3008 C0m1ss0ss1.'
987 2963 1019 3028 p.
1043 2947 1097 3006 98.
1129 2939 1200 3006 vot.

208 3044 231 3109 l.
258 3042 412 3111 Kreuzer.
429 3043 512 3130 λέγει
528 3037 590 3112 οὖν
604 3048 658 3113 καί
673 3043 692 3112 ὁ
706 3043 992 3124 Ἀντισθένους
1004 3042 1203 3132 Ἡρακλῆς

200 3152 273 3232 περί
307 3174 395 3227 τινος
427 3154 602 3224 νεανίσκου
635 3151 723 3239 παρά
755 3157 800 3242 τῷ
824 3157 962 3240 Χείρωνι
983 3151 1199 3238 τρεφομένου·

200 3254 324 3340 μέγας
345 3252 420 3343 γάρ
444 3273 524 3342 φησι
546 3260 612 3324 καὶ
634 3257 756 3336 καλὸς
780 3260 847 3326 καί
869 3255 1032 3342 ὡραῖος,
1057 3255 1129 3325 οάκ
1152 3256 1201 3324 άν

202 3360 332 3429 αὐτοῦ
358 3359 519 3449 ἠράσθη
543 3363 679 3441 δειλὰς
702 3364 880 3451 ἐραστὴς.

273 3467 322 3533 Cf.
350 3467 453 3558 Cyrus
479 3469 530 3536 lv.

258 3713 278 3779 Ι)
316 3713 364 3766 τὸν
381 3708 512 3770 Ἀτλαντα
538 3724 658 3776 malim.
681 3725 747 3774 Vide
775 3726 841 3775 Ρίοί.
868 3726 901 3775 δε
929 3726 970 3775 ΕΙ.
997 3738 1038 3787 ap.
1059 3724 1156 3792 Βαίου.
1176 3737 1202 3770 ο.

203 3804 229 3851 6,
248 3817 273 3865 p.
293 3804 355 3853 224.
375 3806 484 3856 Πυλίου.

601 4026 807 4034 ———-—..-—-.
