2717 4550
569 449 761 508 ..ρ-

164 608 285 693 φορίαν
308 600 514 689 ἐπετήδευον,
544 598 588 680 ώς
611 605 642 669 οῖ
663 599 776 681 κύνες,
800 603 937 689 δημοσία
960 600 1082 668 ἐσθίειν
1104 600 1159 666 καί

165 706 455 798 ἀφροδισιάζεσδαι
494 709 548 774 καί
590 705 785 775 ἀνυπόδετοι
818 715 1004 793 περιπατεῖν
1034 708 1089 773 καί
1124 706 1159 772 ἐν

164 821 277 894 πίθοις
299 817 353 883 καί
375 816 411 882 ἐν
432 810 574 903 τριύδοις
604 810 794 881 καθεύδειν.
829 819 926 880 τούτο
958 812 993 879 δὲ
1025 812 1157 880 ἐποίουν
1274 876 1286 898 ,
1341 800 1343 811 ⁴

163 929 222 990 τοῦ
252 920 351 1009 φύσει
371 925 474 988 καλοῦ
497 917 700 1006 ὀρεγόμενον
733 919 844 1006 ἔλεγον
865 917 928 1007 γάρ
950 918 1001 997 ὅτι
1023 923 1051 986 εί
1079 916 1159 1004 ἀγα-

161 1027 227 1096 θόν
250 1029 334 1111 ἐστι,
358 1031 408 1096 δεῖ
427 1031 521 1114 κοινή
543 1027 597 1092 καὶ
620 1028 686 1115 ίδίηι
708 1024 916 1113 πράττεσθαι.
939 1025 962 1113 ή
985 1023 1046 1093 οὐκ
1069 1025 1156 1093 ἔστιν

162 1132 306 1221 ἀγαθόν,
337 1135 392 1201 καὶ
423 1132 498 1199 ούτε
530 1138 624 1217 κοινή
648 1131 722 1200 οὔτε
745 1135 811 1223 ἰδίᾳ
844 1132 1075 1219 διαπρακτέον·
1115 1128 1156 1197 ού
1242 1150 1248 1153 ’

160 1240 223 1329 γὰρ
246 1234 288 1328 ήν
309 1237 384 1323 παρ’
409 1236 520 1317 αύτοῖς
554 1239 628 1323 (Od.
651 1239 714 1306 XI.
748 1241 836 1323 443.)

303 1420 333 1472 τδ
352 1414 402 1484 μὲν
421 1416 548 1486 φάσθαι,
566 1416 597 1471 τὸ
618 1413 647 1470 δὲ
665 1416 712 1470 καί
729 1414 912 1485 κεκρυμμένον
931 1411 1015 1483 εἶναι,
1117 1416 1120 1421 “

164 1557 229 1651 ἀλλ’
254 1551 295 1645 ἦν
317 1530 391 1644 παρ’
416 1556 528 1636 αύτοῖς
549 1557 586 1627 τὸ
612 1558 660 1645 (ΙΙ.
686 1558 758 1626 Vll.
800 1561 884 1644 196.)

305 1733 361 1790 εἰπὲ
378 1736 425 1790 καί
444 1722 602 1804 ἀμφαδίην,
621 1732 679 1790 ἐπεὶ
698 1730 731 1790 ού
749 1755 811 1789 τινα
830 1736 920 1790 δείδια
938 1734 1025 1804 ἔμπης

163 1878 244 1964 αὕτη
272 1876 382 1964 πρώτη
405 1880 505 1945 αἰτία.
531 1878 667 1966 δευτέρα
691 1881 776 1945 αίτία
804 1876 855 1944 ὅτι
877 1875 1008 1955 ἀναιδὲς
1031 1882 1114 1968 ζῷον
1139 1871 1157 1944 ὁ

162 1982 267 2064 κύων,
307 1974 500 2070 ἐπετήδευον
531 1984 566 2052 δὲ
595 1986 650 2052 καὶ
685 1982 779 2051 αύτοί
808 1982 870 2070 τήν
904 1982 1086 2064 ἀναίδειαν,
1116 1980 1157 2049 ού

161 2089 222 2176 τήν
255 2093 385 2177 χείρονα
416 2088 474 2175 τής
512 2094 624 2168 αἰδοῦς
647 2088 728 2157 ἀλλά
761 2088 824 2175 τήν
846 2092 1026 2176 κρείττονα·
1066 2087 1155 2175 διττή

161 2194 223 2283 γὰρ
246 2193 267 2282 ή
290 2193 451 2279 ἀναίδεια,
483 2192 502 2283 ή
525 2195 584 2282 μὲν
606 2199 758 2283 κρείττων
779 2202 836 2283 τῆς
859 2199 972 2273 αίδούς
993 2191 1013 2283 ή
1038 2194 1072 2261 δὲ
1094 2197 1155 2281 χεί·

163 2328 247 2390 ρων,
278 2301 301 2389 ή
329 2327 363 2369 τε
397 2301 520 2390 ἀνδρας
541 2302 622 2389 μέγα
645 2306 765 2370 σίνεται
788 2301 836 2389 ἡδ’
860 2300 1000 2388 ὀνίνησι·
1036 2299 1157 2387 ταύτην

163 2400 225 2476 οὖν
252 2406 313 2495 τήν
341 2406 508 2476 ἀναίδειαν
537 2407 729 2495 ἐπετήδευον
756 2407 816 2495 τήν
837 2412 1004 2495 κρείττονα
1028 2411 1156 2490 αἰδοῦς,

163 2512 234 2583 οἷον
267 2512 482 2593 ὑλακτοῦντες
514 2513 596 2583 κατά
635 2521 700 2582 τών
740 2514 916 2604 ἀλλοτρίων
954 2522 1011 2602 τῆς
1048 2512 1156 2584 αύτώυ

163 2625 374 2708 φιλοσοφίας.
396 2625 485 2708 τρίτη
509 2625 593 2689 αίτία
614 2620 665 2692 ὅτι
685 2620 907 2711 φρουρητικδν
923 2628 1007 2713 ζῷον
1022 2619 1040 2692 ὁ
1056 2620 1157 2689 κύων·

164 2725 351 2815 ἐφρούρουν
374 2727 409 2795 δὲ
435 2729 489 2795 καί
520 2726 614 2796 αὐτοὶ
642 2727 684 2795 τ’ύι
715 2728 859 2816 δόγματα
880 2734 938 2814 τῆς
959 2723 1157 2814 φιλοσοφίας

145 2832 217 2900 »διὰ
241 2839 307 2901 τών
334 2830 526 2914 ἀποδείξεων
555 2836 609 2900 καί
645 2834 726 2920 μέγα
756 2832 919 2922 ἐφρόνουν
950 2835 1001 2900 ἐπὶ
1033 2831 1155 2924 τούτῳ·
1215 2855 1217 2862 ’

164 2941 245 3025 φαίη
260 2937 323 3025 γάρ
340 2937 383 3005 ἀν
399 2936 417 3025 ή
432 2937 512 3025 τύχη
527 2937 609 3023 πρὸς
623 2937 882 3026 Ἀντισθένην
893 2938 952 3007 τὸν
973 2936 1155 3027 προστάτην

52 3095 54 3100 ,
162 3050 219 3130 τῆς
241 3042 535 3150 αίρέσιεωςΙταύτης
557 3045 660 3124 οὕτως
687 3049 733 3132 (ll.
760 3045 848 3112 Vlll.
884 3049 972 3132 297.)

304 3236 383 3295 ἐννέα
401 3241 436 3309 δή
454 3240 575 3311 προέηκα
593 3243 793 3311 τανυγλώχινας
810 3239 936 3310 ὀϊστούς,

304 3331 403 3383 τούτου
422 3327 446 3383 δ’
465 3327 500 3385 ού
519 3330 640 3400 δύναμαι
658 3330 763 3402 βαλέειν
781 3329 851 3386 κύνα
868 3333 1032 3400 λυσσητῆρα,
1096 3363 1099 3370 v

162 3455 239 3551 ὅτι,
267 3474 361 3556 φησί,
392 3469 553 3550 τοσαύτας
581 3471 670 3564 αύτῷ
706 3472 878 3560 συμφορὰς
904 3469 1069 3558 ἐπήγαγον
1101 3476 1157 3541 καί

163 3573 223 3643 ούκ
258 3573 430 3664 ήδυνήδην
456 3575 559 3646 αύτού
592 3584 785 3665 καταβαλεῖν
803 3577 840 3646 τό
871 3576 1044 3665 φρύνημα.
1073 3579 1156 3667 αύτη
1217 3589 1222 3598 ’

162 3678 259 3768 καλή
282 3686 371 3768 τρίτη
392 3686 490 3750 αἰτία.
514 3681 646 3770 τετάρτη
673 3684 708 3751 δὲ
729 3685 778 3751 ὅτι
808 3683 1005 3773 διακριτικὸν
1028 3691 1112 3776 ζῷον
1137 3684 1155 3754 ὁ

161 3786 251 3856 κύων
280 3785 397 3874 γνώσει
422 3791 476 3856 καὶ
499 3788 614 3882 ἀγνοίᾳ
634 3790 692 3858 τὸν
715 3794 813 3878 φίλον
833 3793 887 3858 καί
900 3789 958 3857 τδν
985 3789 1156 3877 ἀλλότριον

165 3891 292 3979 ὁρίζον·
317 3894 356 3962 δν
376 3894 440 3982 γὰρ
469 3895 653 3981 γιγνώσκει,
677 3902 798 3983 νομίζει
821 3901 918 3983 φίλον
942 3895 1025 3965 εἶναι
1052 3900 1106 3964 καὶ
1129 3902 1155 3963 εί
