2717 4550
471 320 501 365 1.
553 301 756 366 Fanunaar.
851 330 855 335 ¹
1037 319 1083 385 27

150 473 389 558 peditaverunt,
413 474 594 539 hominum
614 490 726 536 autem
744 466 855 533 vitam'
866 456 1086 555 superstitione

154 576 248 634 omni
265 562 471 633 referserunt.-
493 571 589 657 Saepe
605 574 730 655 physica
744 574 827 635 ratio
840 592 909 631 non
924 575 1086 657 inelegans
1099 562 1229 640 ib.o.28.

153 660 276 731 inclita
300 662 391 729 estin
411 669 688 755 impiaa'fabulas,
717 685 749 731 et
780 691 796 731 a
824 671 959 749 phylici's
981 673 1087 746 rebus,

122 822 125 829 ,
154 767 240 833 bene
252 772 345 846 atque
357 767 503 828 utiliter
495 771 655 842 lucentia,
676 780 771 829 tracta
786 769 870 828 ratio
889 766 929 850 est
949 767 987 824 ad
1002 787 1088 827 com·

51 890 54 905 ·
154 866 325 924 menuctus
339 879 369 924 et
384 865 472 927 fictos
489 864 582 938 deos
604 887 687 946 quae
705 884 755 925 res
778 867 927 949 genuitf
913 862 1002 924 fallas
1022 865 1090 944 opi.

154 963 286 1040 triones,
316 974 504 1041 erroresque
532 934 760 1038 turbulentos,
793 978 825 1023 et
853 961 1091 1041 superstitiones

152 1056 255 1138 pa'ene
283 1057 394 1122 aniles.
438 1063 481 1121 Et
506 1058 633 1123 sortitae
655 1062 748 1121 enim
769 1050 864 1121 nobis
886 1060 1037 1133 deorum,
1058 1071 1091 1118 et

151 1163 283 1227 aetates',
310 1171 342 1217 et
370 1156 727 1245 vellitus'ornatuaque
755 1159 828 1243 noti
854 1154 929 1217 lunt
938 1176 946 1225 3
973 1174 1092 1237 genera

151 1267 331 1332 praeterea,
349 1255 518 1337 conjugia,
539 1258 766 1336 cognationes,
790 1257 964 1343 omniaque
986 1253 1091 1311 tradu

153 1362 201 1409 cta
216 1352 253 1413 ad
270 1350 520 1415 similitudinem
540 1351 773 1413 imbecillitatis
788 1352 983 1411 humanae.
1004 1350 1092 1411 Nam
1130 1414 1135 1421 ,

154 1458 187 1505 et
199 1448 396 1543 perturbatis
409 1450 528 1513 animia
551 1438 773 1511 inducuntur:
799 1449 976 1527 accipimus
997 1448 1091 1507 enim
1187 1520 1192 1533 Ι

155 1522 295 1603 deorum
319 1544 523 1623 cupiditates,
542 1544 778 1631 aegritudines,
801 1546 1000 1605 iracundias.
1027 1562 1090 1611 nec
1187 1542 1193 1551 ’
1228 1538 1231 1547 ’

154 1632 245 1714 veroj
265 1652 312 1699 ut
318 1640 451 1702 fabulae
457 1641 580 1718 ferunt,
595 1632 647 1701 dii
661 1642 754 1702 bellis
773 1640 967 1722 proeliisque
983 1660 1092 1701 carue·

153 1751 250 1797 runt:
277 1757 346 1797 non
369 1722 477 1797 solum
497 1752 534 1798 ut
556 1740 641 1819 apud
664 1740 871 1810 Homerum,
894 1732 1000 1817 quum
1021 1738 1088 1798 duo

154 1837 311 1894 exercitus
334 1837 508 1896 contrarios
530 1836 590 1895 a'lii
607 1836 662 1895 dii
673 1855 713 1897 ex
735 1837 793 1897 alia
821 1850 911 1916 parte
933 1834 1090 1895 defende·

153 1940 237 2006 rent,
257 1930 309 1992 secl
329 1936 440 2008 etiam,
462 1930 501 1993 ut
518 1945 603 1993 cum
620 1932 760 2009 tutante,
785 1926 924 1993 ut-cum
943 1933 1089 2016 Giganti·

98 2076 102 2079 ι
125 2064 127 2067 ·
152 2026 227 2106 bus,
250 2020 304 2091 sua
323 2028 450 2130 p'ropqia
469 2032 559 2092 bella>
573 2030 767 2117 gelleruntt'
850 2034 872 2047 '¹
908 2039 911 2045 “

213 2230 217 2239 “
238 2226 362 2288 Multae
376 2228 488 2289 autem
503 2227 585 2288 aliae
594 2238 731 2287 naturae
743 2225 883 2292 deorum
901 2243 944 2285 ex
962 2223 1091 2306 magnis
1103 2237 1176 2296 itm,
1188 2243 1233 2300 25.

153 2314 318 2385 beneficiis
332 2341 449 2387 eorum
461 2324 530 2386 non
546 2325 613 2385 line
621 2324 717 2385 ⁴caula
731 2333 790 2385 et'a
805 2323 957 2383 Graeciae
971 2320 1093 2402 sapien-

96 2493 100 2506 Ι
155 2417 290 2482 cissimis
305 2437 337 2482 et
359 2421 572 2500 amajoribus
594 2420 709 2481 nolliii
732 2419 919 2481 constitutae
940 2423 1091 2479 nomina·

136 2533 270 2615 'tueque
294 2520 376 2583 lunt
424 2519 626 2606 Quidquid
621 2521 717 2608 'enim
738 2537 895 2602 magnam
916 2519 1094 2578 utilitatem

154 2635 273 2701 generi
256 2617 404 2680 afferret
416 2617 589 2694 humano,
589 2617 628 2678 id
650 2625 719 2677 non
732 2618 799 2678 sine
820 2617 928 2675 divina
949 2616 1104 2702 bonitate

156 2735 231 2799 erga
243 2711 395 2777 homines
408 2715 477 2778 fieri
494 2717 738 2797 arbitrabantur.
778 2718 888 2792 ltaque
908 2726 983 2772 tum
998 2712 1100 2790 illud,¹

151 2813 245 2895 'quod
264 2827 328 2872 erat
349 2835 366 2875 a
386 2808 463 2878 <led
467 2805 594 2887 datum,
614 2813 753 2872 nomine
774 2810 870 2889 ipsius
887 2810 940 2870 dei
963 2829 1090 2868 nuncu·

108 2970 115 2984 J
151 2906 292 3021 pabant;
320 2926 395 2972 tum
408 2912 523 2972 autem
536 2930 586 2972 res
600 2909 718 2989 ipsa,
710 2928 746 2967 ιιι
766 2927 828 2984 qua
849 2907 899 2966 vis
919 2905 1000 2964 inest
1020 2925 1093 2964 tna·

155 3008 208 3087 jor
224 2997 354 3086 aliqua,
361 3008 402 3066 sic
417 3005 603 3087 appellatur,
623 3018 661 3064 ut
680 3023 716 3064 ea
738 3001 803 3081 ipsa
821 3004 878 3060 via
899 3001 1094 3076 nominetur

92 3096 95 3104 “
152 3099 250 3167 ’.ἀειιι
285 3137 326 3151 -
354 3101 499 3183 Suscepit
523 3118 682 3190 praeterea
715 3100 781 3159 vita
809 3100 990 3158 hominum
1018 3116 1093 3157 con·

155 3195 357 3310 suetudoque
394 3200 602 3292 communis,
634 3211 672 3260 ut
702 3198 865 3259 beneficiis
900 3196 1092 3257 excellentes

155 3303 242 3366 viros
265 3304 301 3362 in
325 3285 456 3359 coelum
477 3296 617 3359 ianuae
636 3296 803 3370 voluntate
824 3285 984 3356 tollerent.
1006 3295 1093 3355 Hinc
1146 3353 1148 3356 ,

155 3365 322 3482 Herculea,
343 3398 430 3458 hinc
440 3394 548 3492 Castor
569 3409 614 3457 et
621 3395 752 3470 Polluit,
772 3395 850 3457 hinc
870 3392 1091 3506 Aesculapius,
1113 3446 1115 3450 ,

82 3483 234 3563 hinc
249 3488 345 3561 Liber
369 3499 500 3600 etiarn.

214 3696 427 3798 Antiquitas
448 3691 562 3775 recipit
591 3689 736 3795 fabulas,
765 3643 850 3750 fictas
874 3657 974 3774 etiarn
1001 3704 1087 3747 non·
1102 3696 1156 3752 Fra

152 3790 334 3877 nunquam
356 3789 529 3851 incondite.
588 3871 594 3887 ,
838 3817 841 3822 2
986 3830 988 3833 ,
1072 3705 1222 3884 pysana·
1262 3795 1268 3818 .=

1011 3943 1219 4037 ιιο-’ν
