<?xml version="1.0" encoding="UTF-8"?>
<!DOCTYPE html PUBLIC "-//W3C//DTD XHTML 1.0 Transitional//EN"
    "http://www.w3.org/TR/xhtml1/DTD/xhtml1-transitional.dtd">
<html xmlns="http://www.w3.org/1999/xhtml" xml:lang="en" lang="en">
 <head>
  <title>
</title>
<meta http-equiv="Content-Type" content="text/html;charset=utf-8" />
  <meta name='ocr-system' content='tesseract 3.04.00' />
  <meta name='ocr-capabilities' content='ocr_page ocr_carea ocr_par ocr_line ocrx_word'/>
</head>
<body>
  <div class='ocr_page' id='page_1' title='image "./mtulliiciceroni01gedigoog_0733.png"; bbox 0 0 2717 4550; ppageno 0'>
   <div class='ocr_carea' id='block_1_1' title="bbox 569 475 785 536">
    <p class='ocr_par' dir='ltr' id='par_1_1' title="bbox 569 475 785 536">
     <span class='ocr_line' id='line_1_1' title="bbox 569 475 785 536; baseline -0.014 -18"><span class='ocrx_word' id='word_1_1' title='bbox 569 475 785 536; x_wconf 62' lang='lat'><em>„55-</em></span> 
     </span>
    </p>
   </div>
   <div class='ocr_carea' id='block_1_2' title="bbox 163 620 1247 1352">
    <p class='ocr_par' dir='ltr' id='par_1_2' title="bbox 163 620 1247 1352">
     <span class='ocr_line' id='line_1_2' title="bbox 178 620 1236 718; baseline -0.009 -21"><span class='ocrx_word' id='word_1_2' title='bbox 178 640 312 718; x_wconf 85' lang='grc' dir='ltr'><em>θρωπος</em></span> <span class='ocrx_word' id='word_1_3' title='bbox 338 621 392 715; x_wconf 79' lang='grc' dir='ltr'><em>ἦν,</em></span> <span class='ocrx_word' id='word_1_4' title='bbox 428 627 523 714; x_wconf 82' lang='grc' dir='ltr'><em>ἥδιον</em></span> <span class='ocrx_word' id='word_1_5' title='bbox 550 626 592 694; x_wconf 87' lang='grc' dir='ltr'><em>ἀν</em></span> <span class='ocrx_word' id='word_1_6' title='bbox 622 627 745 711; x_wconf 75' lang='grc' dir='ltr'><em>ἔσπειρε</em></span> <span class='ocrx_word' id='word_1_7' title='bbox 765 622 826 711; x_wconf 76' lang='grc' dir='ltr'><em>τὴν</em></span> <span class='ocrx_word' id='word_1_8' title='bbox 849 620 1025 699; x_wconf 82' lang='grc' dir='ltr'><em>τοσούτους</em></span> <span class='ocrx_word' id='word_1_9' title='bbox 1048 621 1175 709; x_wconf 77' lang='grc' dir='ltr'>τρέφειν</span> <span class='ocrx_word' id='word_1_10' title='bbox 1233 689 1236 695; x_wconf 79' lang='grc'><em>,</em></span> 
     </span>
     <span class='ocr_line' id='line_1_3' title="bbox 177 724 1245 821; baseline -0.007 -18"><span class='ocrx_word' id='word_1_11' title='bbox 177 734 376 821; x_wconf 75' lang='grc' dir='ltr'><em>δυναμένην,</em></span> <span class='ocrx_word' id='word_1_12' title='bbox 399 731 422 820; x_wconf 79' lang='grc' dir='ltr'><strong><em>ἢ</em></strong></span> <span class='ocrx_word' id='word_1_13' title='bbox 447 731 485 800; x_wconf 86' lang='grc' dir='ltr'><em>τό</em></span> <span class='ocrx_word' id='word_1_14' title='bbox 504 730 801 807; x_wconf 76' lang='grc' dir='ltr'><em>Ἀντισθένους</em></span> <span class='ocrx_word' id='word_1_15' title='bbox 822 731 923 796; x_wconf 83' lang='grc' dir='ltr'><em>έκεῖνο</em></span> <span class='ocrx_word' id='word_1_16' title='bbox 944 732 1110 816; x_wconf 77' lang='grc' dir='ltr'><em>χωρίδιον,</em></span> <span class='ocrx_word' id='word_1_17' title='bbox 1134 728 1176 815; x_wconf 81' lang='grc' dir='ltr'><em>ἣν</em></span> <span class='ocrx_word' id='word_1_18' title='bbox 1242 724 1245 729; x_wconf 62' lang='grc'><strong><em>’</em></strong></span> 
     </span>
     <span class='ocr_line' id='line_1_4' title="bbox 177 831 1176 929; baseline -0.007 -22"><span class='ocrx_word' id='word_1_19' title='bbox 177 838 269 926; x_wconf 82' lang='grc' dir='ltr'><em>μόλις</em></span> <span class='ocrx_word' id='word_1_20' title='bbox 288 838 376 929; x_wconf 75' lang='grc' dir='ltr'><em>αὐτῷ</em></span> <span class='ocrx_word' id='word_1_21' title='bbox 396 831 440 906; x_wconf 79' lang='grc' dir='ltr'><em>αὖ</em></span> <span class='ocrx_word' id='word_1_22' title='bbox 461 835 560 905; x_wconf 83' lang='grc' dir='ltr'><em>πάλιν</em></span> <span class='ocrx_word' id='word_1_23' title='bbox 583 835 765 925; x_wconf 64' lang='grc' dir='ltr'><em>ἀνῄρηκας.</em></span> <span class='ocrx_word' id='word_1_24' title='bbox 790 840 817 903; x_wconf 84' lang='grc' dir='ltr'><em>εἰ</em></span> <span class='ocrx_word' id='word_1_25' title='bbox 837 835 871 902; x_wconf 91' lang='grc' dir='ltr'><em>δέ</em></span> <span class='ocrx_word' id='word_1_26' title='bbox 892 853 926 902; x_wconf 86' lang='grc' dir='ltr'><em>σε</em></span> <span class='ocrx_word' id='word_1_27' title='bbox 951 831 1090 925; x_wconf 69' lang='grc' dir='ltr'><em>ἀρόμην,</em></span> <span class='ocrx_word' id='word_1_28' title='bbox 1116 832 1176 920; x_wconf 79' lang='grc' dir='ltr'><em>την</em></span> 
     </span>
     <span class='ocr_line' id='line_1_5' title="bbox 177 940 1247 1030; baseline -0.004 -18"><span class='ocrx_word' id='word_1_29' title='bbox 177 944 370 1030; x_wconf 82' lang='grc' dir='ltr'><em>οἰκουμένην</em></span> <span class='ocrx_word' id='word_1_30' title='bbox 408 943 538 1011; x_wconf 79' lang='grc' dir='ltr'><em>ἅπασαν</em></span> <span class='ocrx_word' id='word_1_31' title='bbox 565 941 768 1027; x_wconf 74' lang='grc' dir='ltr'><em>ἐπιστρέφειν</em></span> <span class='ocrx_word' id='word_1_32' title='bbox 801 944 1030 1027; x_wconf 76' lang='grc' dir='ltr'><em>παραιτοῦμαι.</em></span> <span class='ocrx_word' id='word_1_33' title='bbox 1074 940 1175 1008; x_wconf 79' lang='lat' dir='ltr'><strong>Recte</strong></span> <span class='ocrx_word' id='word_1_34' title='bbox 1243 954 1247 957; x_wconf 86' lang='grc'><strong>’</strong></span> 
     </span>
     <span class='ocr_line' id='line_1_6' title="bbox 182 1049 1173 1139; baseline -0.005 -21"><span class='ocrx_word' id='word_1_35' title='bbox 182 1053 309 1119; x_wconf 78' lang='lat' dir='ltr'><strong>videtur</strong></span> <span class='ocrx_word' id='word_1_36' title='bbox 335 1050 502 1139; x_wconf 76' lang='lat' dir='ltr'><strong>Wyttenb.</strong></span> <span class='ocrx_word' id='word_1_37' title='bbox 534 1052 617 1116; x_wconf 83' lang='lat' dir='ltr'><strong>hunc</strong></span> <span class='ocrx_word' id='word_1_38' title='bbox 639 1049 914 1135; x_wconf 72' lang='lat' dir='ltr'><strong>corruptissimum</strong></span> <span class='ocrx_word' id='word_1_39' title='bbox 933 1050 1038 1115; x_wconf 83' lang='lat' dir='ltr'><strong>locum</strong></span> <span class='ocrx_word' id='word_1_40' title='bbox 1065 1050 1108 1113; x_wconf 78' lang='lat' dir='ltr'><em>ita</em></span> <span class='ocrx_word' id='word_1_41' title='bbox 1132 1072 1173 1115; x_wconf 81' lang='lat' dir='ltr'><em>ex</em></span> 
     </span>
     <span class='ocr_line' id='line_1_7' title="bbox 163 1136 1176 1246; baseline -0.005 -22"><span class='ocrx_word' id='word_1_42' title='bbox 163 1136 330 1245; x_wconf 69' lang='grc' dir='ltr'><em>ΙΧοοομλι.</em></span> <span class='ocrx_word' id='word_1_43' title='bbox 356 1156 504 1246; x_wconf 77' lang='lat' dir='ltr'><strong>Sympos.</strong></span> <span class='ocrx_word' id='word_1_44' title='bbox 533 1154 593 1221; x_wconf 82' lang='grc' dir='ltr'><strong>ΙΙΙ.</strong></span> <span class='ocrx_word' id='word_1_45' title='bbox 615 1161 644 1221; x_wconf 85' lang='grc'><em>8.</em></span> <span class='ocrx_word' id='word_1_46' title='bbox 669 1147 867 1221; x_wconf 65' lang='lat' dir='ltr'>correxisse:</span> <span class='ocrx_word' id='word_1_47' title='bbox 903 1146 922 1219; x_wconf 84' lang='grc' dir='ltr'><em>δ</em></span> <span class='ocrx_word' id='word_1_48' title='bbox 949 1150 1042 1238; x_wconf 85' lang='grc' dir='ltr'><em>μόλις</em></span> <span class='ocrx_word' id='word_1_49' title='bbox 1070 1150 1176 1220; x_wconf 82' lang='grc' dir='ltr'><em>Αὐτο-</em></span> 
     </span>
     <span class='ocr_line' id='line_1_8' title="bbox 176 1248 1177 1352; baseline -0.002 -24"><span class='ocrx_word' id='word_1_50' title='bbox 176 1259 264 1352; x_wconf 80' lang='grc' dir='ltr'><em>λύκῳ</em></span> <span class='ocrx_word' id='word_1_51' title='bbox 286 1262 476 1346; x_wconf 82' lang='grc' dir='ltr'><em>έμπαλαίειν</em></span> <span class='ocrx_word' id='word_1_52' title='bbox 493 1260 616 1347; x_wconf 80' lang='grc' dir='ltr'><em>ἤρκεσε·</em></span> <span class='ocrx_word' id='word_1_53' title='bbox 639 1248 702 1344; x_wconf 79' lang='grc' dir='ltr'><em>ένιδ</em></span> <span class='ocrx_word' id='word_1_54' title='bbox 726 1258 761 1325; x_wconf 84' lang='grc' dir='ltr'><em>δέ</em></span> <span class='ocrx_word' id='word_1_55' title='bbox 784 1256 968 1344; x_wconf 79' lang='grc' dir='ltr'><em>ἀρουμένην</em></span> <span class='ocrx_word' id='word_1_56' title='bbox 986 1257 1047 1344; x_wconf 80' lang='grc' dir='ltr'><em>τὴν</em></span> <span class='ocrx_word' id='word_1_57' title='bbox 1069 1262 1177 1327; x_wconf 78' lang='grc' dir='ltr'><em>οἰκον-</em></span> 
     </span>
    </p>
   </div>
   <div class='ocr_carea' id='block_1_3' title="bbox 176 1365 1177 1771">
    <p class='ocr_par' dir='ltr' id='par_1_3' title="bbox 176 1365 1177 1771">
     <span class='ocr_line' id='line_1_9' title="bbox 176 1365 1171 1452; baseline -0.001 -19"><span class='ocrx_word' id='word_1_58' title='bbox 176 1366 275 1452; x_wconf 89' lang='grc' dir='ltr'><em>μένην</em></span> <span class='ocrx_word' id='word_1_59' title='bbox 298 1366 427 1433; x_wconf 77' lang='grc' dir='ltr'><em>ἅπασαν</em></span> <span class='ocrx_word' id='word_1_60' title='bbox 450 1365 650 1452; x_wconf 75' lang='grc' dir='ltr'><em>ἐπιστρέφειν</em></span> <span class='ocrx_word' id='word_1_61' title='bbox 675 1369 902 1451; x_wconf 84' lang='grc' dir='ltr'><em>παραιτοῦμαι.</em></span> <span class='ocrx_word' id='word_1_62' title='bbox 949 1367 1019 1432; x_wconf 79' lang='lat' dir='ltr'><strong>coll.</strong></span> <span class='ocrx_word' id='word_1_63' title='bbox 1045 1367 1087 1432; x_wconf 82' lang='lat' dir='ltr'><em>ib.</em></span> <span class='ocrx_word' id='word_1_64' title='bbox 1116 1365 1171 1433; x_wconf 83' lang='lat' dir='ltr'><em>lv.</em></span> 
     </span>
     <span class='ocr_line' id='line_1_10' title="bbox 177 1469 1174 1559; baseline -0.002 -20"><span class='ocrx_word' id='word_1_65' title='bbox 177 1480 230 1539; x_wconf 82' lang='lat'><em>37.</em></span> <span class='ocrx_word' id='word_1_66' title='bbox 277 1472 363 1539; x_wconf 83' lang='grc' dir='ltr'><em>ΡΙοῑ.</em></span> <span class='ocrx_word' id='word_1_67' title='bbox 391 1475 431 1539; x_wconf 82' lang='lat' dir='ltr'><em>de</em></span> <span class='ocrx_word' id='word_1_68' title='bbox 458 1474 579 1539; x_wconf 79' lang='lat' dir='ltr'><strong>exsilio.</strong></span> <span class='ocrx_word' id='word_1_69' title='bbox 602 1492 645 1559; x_wconf 81' lang='grc' dir='ltr'><em>,μ</em></span> <span class='ocrx_word' id='word_1_70' title='bbox 680 1478 755 1538; x_wconf 81' lang='grc'><strong>370.</strong></span> <span class='ocrx_word' id='word_1_71' title='bbox 785 1469 821 1537; x_wconf 91' lang='grc' dir='ltr'><em>Τ.</em></span> <span class='ocrx_word' id='word_1_72' title='bbox 855 1470 899 1538; x_wconf 83' lang='grc' dir='ltr'><em>Χ.</em></span> <span class='ocrx_word' id='word_1_73' title='bbox 940 1472 1034 1559; x_wconf 82' lang='lat' dir='ltr'><strong>Diog.</strong></span> <span class='ocrx_word' id='word_1_74' title='bbox 1070 1472 1174 1540; x_wconf 73' lang='lat' dir='ltr'><strong>Laert.</strong></span> 
     </span>
     <span class='ocr_line' id='line_1_11' title="bbox 177 1575 1177 1659; baseline 0 -15"><span class='ocrx_word' id='word_1_75' title='bbox 177 1577 231 1644; x_wconf 87' lang='lat' dir='ltr'><em>Vl.</em></span> <span class='ocrx_word' id='word_1_76' title='bbox 256 1583 312 1645; x_wconf 85' lang='grc'><em>98.</em></span> <span class='ocrx_word' id='word_1_77' title='bbox 338 1577 395 1644; x_wconf 84' lang='lat' dir='ltr'><em>Cic</em></span> <span class='ocrx_word' id='word_1_78' title='bbox 433 1577 527 1645; x_wconf 84' lang='lat' dir='ltr'><strong>Tusc.</strong></span> <span class='ocrx_word' id='word_1_79' title='bbox 554 1579 591 1659; x_wconf 79' lang='lat' dir='ltr'><em>Q.</em></span> <span class='ocrx_word' id='word_1_80' title='bbox 613 1575 648 1644; x_wconf 86' lang='lat' dir='ltr'><em>V.</em></span> <span class='ocrx_word' id='word_1_81' title='bbox 671 1584 727 1643; x_wconf 84' lang='lat'><em>37.</em></span> <span class='ocrx_word' id='word_1_82' title='bbox 750 1576 899 1643; x_wconf 80' lang='lat' dir='ltr'><strong>Gataker.</strong></span> <span class='ocrx_word' id='word_1_83' title='bbox 920 1578 961 1643; x_wconf 83' lang='lat' dir='ltr'><em>ad</em></span> <span class='ocrx_word' id='word_1_84' title='bbox 981 1576 1082 1643; x_wconf 81' lang='lat' dir='ltr'><strong>Mare.</strong></span> <span class='ocrx_word' id='word_1_85' title='bbox 1108 1578 1177 1644; x_wconf 88' lang='lat' dir='ltr'><em>An·</em></span> 
     </span>
     <span class='ocr_line' id='line_1_12' title="bbox 182 1681 775 1771; baseline 0 -23"><span class='ocrx_word' id='word_1_86' title='bbox 182 1684 280 1749; x_wconf 81' lang='lat' dir='ltr'><strong>tonin.</strong></span> <span class='ocrx_word' id='word_1_87' title='bbox 303 1681 359 1753; x_wconf 86' lang='lat' dir='ltr'><em>vl.</em></span> <span class='ocrx_word' id='word_1_88' title='bbox 386 1689 441 1751; x_wconf 90' lang='grc'><em>44.</em></span> <span class='ocrx_word' id='word_1_89' title='bbox 469 1704 502 1771; x_wconf 84' lang='lat' dir='ltr'><em>p.</em></span> <span class='ocrx_word' id='word_1_90' title='bbox 524 1688 597 1750; x_wconf 71' lang='lat'><em>249.</em></span> <span class='ocrx_word' id='word_1_91' title='bbox 772 1714 775 1719; x_wconf 94' lang='lat'><strong>·</strong></span> 
     </span>
    </p>
   </div>
   <div class='ocr_carea' id='block_1_4' title="bbox 574 1814 734 1919">
    <p class='ocr_par' dir='ltr' id='par_1_4' title="bbox 574 1814 734 1919">
     <span class='ocr_line' id='line_1_13' title="bbox 574 1814 734 1919; baseline -0.025 0"><span class='ocrx_word' id='word_1_92' title='bbox 574 1814 576 1817; x_wconf 28' lang='lat'>⁸</span> <span class='ocrx_word' id='word_1_93' title='bbox 627 1853 734 1919; x_wconf 82' lang='lat' dir='ltr'>xxn.</span> 
     </span>
    </p>
   </div>
   <div class='ocr_carea' id='block_1_5' title="bbox 182 2000 1236 2511">
    <p class='ocr_par' dir='ltr' id='par_1_5' title="bbox 182 2000 1236 2511">
     <span class='ocr_line' id='line_1_14' title="bbox 221 2000 1175 2089; baseline 0 -22"><span class='ocrx_word' id='word_1_94' title='bbox 221 2000 338 2068; x_wconf 87' lang='lat' dir='ltr'><strong>-Philo</strong></span> <span class='ocrx_word' id='word_1_95' title='bbox 364 2001 450 2089; x_wconf 82' lang='lat' dir='ltr'><strong>quod</strong></span> <span class='ocrx_word' id='word_1_96' title='bbox 475 2002 577 2067; x_wconf 88' lang='lat' dir='ltr'><strong>omnis</strong></span> <span class='ocrx_word' id='word_1_97' title='bbox 597 2002 719 2089; x_wconf 85' lang='lat' dir='ltr'>probus</span> <span class='ocrx_word' id='word_1_98' title='bbox 746 2002 826 2067; x_wconf 83' lang='lat' dir='ltr'><strong>liber</strong></span> <span class='ocrx_word' id='word_1_99' title='bbox 848 2023 880 2089; x_wconf 88' lang='lat' dir='ltr'><em>p.</em></span> <span class='ocrx_word' id='word_1_100' title='bbox 899 2008 975 2068; x_wconf 84' lang='grc'><strong>869.</strong></span> <span class='ocrx_word' id='word_1_101' title='bbox 998 2005 1043 2079; x_wconf 83' lang='grc' dir='ltr'><em>εἰς</em></span> <span class='ocrx_word' id='word_1_102' title='bbox 1074 2007 1175 2068; x_wconf 74' lang='grc' dir='ltr'><em>ταῦτα</em></span> 
     </span>
     <span class='ocr_line' id='line_1_15' title="bbox 182 2101 1236 2191; baseline 0.001 -18"><span class='ocrx_word' id='word_1_103' title='bbox 182 2104 211 2173; x_wconf 78' lang='grc' dir='ltr'><em>δ’</em></span> <span class='ocrx_word' id='word_1_104' title='bbox 243 2102 371 2172; x_wconf 74' lang='grc' dir='ltr'><em>ἀπιδοδν</em></span> <span class='ocrx_word' id='word_1_105' title='bbox 400 2101 703 2190; x_wconf 75' lang='grc' dir='ltr'><em>Ἀντισθένης,</em></span> <span class='ocrx_word' id='word_1_106' title='bbox 743 2104 1055 2191; x_wconf 86' lang='grc' dir='ltr'><em>δυσβάστακτον</em></span> <span class='ocrx_word' id='word_1_107' title='bbox 1089 2103 1177 2174; x_wconf 78' lang='grc' dir='ltr'><em>εἶπεν</em></span> <span class='ocrx_word' id='word_1_108' title='bbox 1232 2128 1236 2132; x_wconf 86' lang='grc'><strong><em>·</em></strong></span> 
     </span>
     <span class='ocr_line' id='line_1_16' title="bbox 182 2206 1176 2300; baseline 0.003 -23"><span class='ocrx_word' id='word_1_109' title='bbox 182 2207 291 2278; x_wconf 79' lang='grc' dir='ltr'><em>εἶναι</em></span> <span class='ocrx_word' id='word_1_110' title='bbox 312 2208 381 2280; x_wconf 83' lang='grc' dir='ltr'><em>τὸν</em></span> <span class='ocrx_word' id='word_1_111' title='bbox 403 2207 578 2279; x_wconf 82' lang='grc' dir='ltr'><em>ἀστεῖον·</em></span> <span class='ocrx_word' id='word_1_112' title='bbox 598 2206 642 2289; x_wconf 79' lang='grc' dir='ltr'><em>ὥς</em></span> <span class='ocrx_word' id='word_1_113' title='bbox 664 2210 727 2300; x_wconf 82' lang='grc' dir='ltr'><em>ηάρ</em></span> <span class='ocrx_word' id='word_1_114' title='bbox 746 2207 767 2298; x_wconf 79' lang='grc' dir='ltr'><em>ἡ</em></span> <span class='ocrx_word' id='word_1_115' title='bbox 789 2209 1002 2300; x_wconf 77' lang='grc' dir='ltr'><em>ἀφροσύνη</em></span> <span class='ocrx_word' id='word_1_116' title='bbox 1018 2218 1176 2300; x_wconf 83' lang='grc' dir='ltr'><em>κοῦφον</em></span> 
     </span>
     <span class='ocr_line' id='line_1_17' title="bbox 182 2313 1177 2406; baseline 0.003 -23"><span class='ocrx_word' id='word_1_117' title='bbox 182 2319 252 2383; x_wconf 78' lang='grc' dir='ltr'><em>καὶ</em></span> <span class='ocrx_word' id='word_1_118' title='bbox 291 2314 531 2404; x_wconf 85' lang='grc' dir='ltr'><em>φερόμενον,</em></span> <span class='ocrx_word' id='word_1_119' title='bbox 582 2313 603 2403; x_wconf 76' lang='grc' dir='ltr'><em>ἡ</em></span> <span class='ocrx_word' id='word_1_120' title='bbox 646 2315 851 2405; x_wconf 85' lang='grc' dir='ltr'><em>φρόνησις</em></span> <span class='ocrx_word' id='word_1_121' title='bbox 884 2319 1177 2406; x_wconf 84' lang='grc' dir='ltr'><em>έρηρεισμένον</em></span> 
     </span>
     <span class='ocr_line' id='line_1_18' title="bbox 182 2419 1041 2511; baseline 0.003 -23"><span class='ocrx_word' id='word_1_122' title='bbox 182 2423 247 2489; x_wconf 84' lang='grc' dir='ltr'><em>καὶ</em></span> <span class='ocrx_word' id='word_1_123' title='bbox 272 2419 439 2501; x_wconf 76' lang='grc' dir='ltr'><em>ἀκλινές</em></span> <span class='ocrx_word' id='word_1_124' title='bbox 462 2425 529 2490; x_wconf 83' lang='grc' dir='ltr'><em>καὶ</em></span> <span class='ocrx_word' id='word_1_125' title='bbox 547 2421 670 2511; x_wconf 83' lang='grc' dir='ltr'><em>βάρος</em></span> <span class='ocrx_word' id='word_1_126' title='bbox 694 2424 786 2510; x_wconf 83' lang='grc' dir='ltr'><em>έχον</em></span> <span class='ocrx_word' id='word_1_127' title='bbox 806 2421 1041 2491; x_wconf 83' lang='grc' dir='ltr'><em>ἀσάλευτον.</em></span> 
     </span>
    </p>
   </div>
   <div class='ocr_carea' id='block_1_6' title="bbox 618 2594 781 2696">
    <p class='ocr_par' dir='ltr' id='par_1_6' title="bbox 618 2594 781 2696">
     <span class='ocr_line' id='line_1_19' title="bbox 618 2594 781 2696; baseline -0.006 -39"><span class='ocrx_word' id='word_1_128' title='bbox 618 2594 741 2657; x_wconf 81' lang='lat' dir='ltr'><strong>xxm.</strong></span> <span class='ocrx_word' id='word_1_129' title='bbox 778 2689 781 2696; x_wconf 15' lang='grc' dir='ltr'><strong><em>γ</em></strong></span> 
     </span>
    </p>
   </div>
   <div class='ocr_carea' id='block_1_7' title="bbox 183 2740 1292 3780">
    <p class='ocr_par' dir='ltr' id='par_1_7' title="bbox 183 2740 1292 3780">
     <span class='ocr_line' id='line_1_20' title="bbox 248 2740 1292 2835; baseline 0.006 -27"><span class='ocrx_word' id='word_1_130' title='bbox 248 2740 376 2808; x_wconf 79' lang='lat' dir='ltr'><strong>Arrian.</strong></span> <span class='ocrx_word' id='word_1_131' title='bbox 400 2741 535 2829; x_wconf 81' lang='lat' dir='ltr'>Epictet.</span> <span class='ocrx_word' id='word_1_132' title='bbox 563 2742 698 2809; x_wconf 83' lang='lat' dir='ltr'>Dissert.</span> <span class='ocrx_word' id='word_1_133' title='bbox 723 2742 786 2809; x_wconf 80' lang='grc' dir='ltr'><strong>ΙΙΙ.</strong></span> <span class='ocrx_word' id='word_1_134' title='bbox 818 2768 845 2810; x_wconf 88' lang='grc' dir='ltr'><em>ο.</em></span> <span class='ocrx_word' id='word_1_135' title='bbox 883 2750 942 2821; x_wconf 76' lang='grc'><em>24,</em></span> <span class='ocrx_word' id='word_1_136' title='bbox 977 2751 1018 2812; x_wconf 86' lang='grc'><em>67</em></span> <span class='ocrx_word' id='word_1_137' title='bbox 1051 2770 1097 2835; x_wconf 86' lang='lat' dir='ltr'><em>sq.</em></span> <span class='ocrx_word' id='word_1_138' title='bbox 1126 2744 1176 2828; x_wconf 80' lang='grc' dir='ltr'><em>Ἐξ</em></span> <span class='ocrx_word' id='word_1_139' title='bbox 1289 2787 1292 2790; x_wconf 97' lang='grc'>-</span> 
     </span>
     <span class='ocr_line' id='line_1_21' title="bbox 184 2838 1227 2932; baseline 0.007 -18"><span class='ocrx_word' id='word_1_140' title='bbox 184 2838 224 2914; x_wconf 79' lang='grc' dir='ltr'><em>οὗ</em></span> <span class='ocrx_word' id='word_1_141' title='bbox 247 2844 277 2932; x_wconf 86' lang='grc' dir='ltr'><em>μ’</em></span> <span class='ocrx_word' id='word_1_142' title='bbox 305 2844 565 2932; x_wconf 73' lang='grc' dir='ltr'><em>Ἀντισθένης</em></span> <span class='ocrx_word' id='word_1_143' title='bbox 598 2844 837 2932; x_wconf 78' lang='grc' dir='ltr'><em>ἠλευθέρωσεν,</em></span> <span class='ocrx_word' id='word_1_144' title='bbox 862 2847 969 2916; x_wconf 81' lang='grc' dir='ltr'><em>οὐκέτι</em></span> <span class='ocrx_word' id='word_1_145' title='bbox 992 2849 1176 2921; x_wconf 81' lang='grc' dir='ltr'><em>ἐδούλευσα.</em></span> <span class='ocrx_word' id='word_1_146' title='bbox 1222 2855 1227 2864; x_wconf 70' lang='lat'><em>&#39;</em></span> 
     </span>
     <span class='ocr_line' id='line_1_22' title="bbox 186 2949 1178 3044; baseline 0.008 -26"><span class='ocrx_word' id='word_1_147' title='bbox 186 2958 263 3031; x_wconf 81' lang='grc' dir='ltr'><em>Πῶς</em></span> <span class='ocrx_word' id='word_1_148' title='bbox 288 2949 524 3039; x_wconf 73' lang='grc' dir='ltr'><em>ήλευθέρωσενς</em></span> <span class='ocrx_word' id='word_1_149' title='bbox 548 2951 666 3020; x_wconf 78' lang='grc' dir='ltr'><em>’Ἀκουε</em></span> <span class='ocrx_word' id='word_1_150' title='bbox 699 2956 729 3019; x_wconf 85' lang='grc' dir='ltr'><em>τλ</em></span> <span class='ocrx_word' id='word_1_151' title='bbox 759 2953 857 3038; x_wconf 72' lang='grc' dir='ltr'><em>λέγει·</em></span> <span class='ocrx_word' id='word_1_152' title='bbox 895 2953 1035 3037; x_wconf 83' lang='grc' dir='ltr'><em>Ἐδέδαξέ</em></span> <span class='ocrx_word' id='word_1_153' title='bbox 1061 2984 1099 3044; x_wconf 84' lang='grc' dir='ltr'><em>με</em></span> <span class='ocrx_word' id='word_1_154' title='bbox 1130 2958 1178 3027; x_wconf 86' lang='grc' dir='ltr'><em>τά</em></span> 
     </span>
     <span class='ocr_line' id='line_1_23' title="bbox 185 3055 1177 3151; baseline 0.008 -26"><span class='ocrx_word' id='word_1_155' title='bbox 185 3057 273 3143; x_wconf 87' lang='grc' dir='ltr'><em>έμά,</em></span> <span class='ocrx_word' id='word_1_156' title='bbox 296 3058 350 3124; x_wconf 78' lang='grc' dir='ltr'><em>καὶ</em></span> <span class='ocrx_word' id='word_1_157' title='bbox 372 3056 419 3124; x_wconf 87' lang='grc' dir='ltr'><em>τά</em></span> <span class='ocrx_word' id='word_1_158' title='bbox 447 3055 522 3125; x_wconf 81' lang='grc' dir='ltr'><em>οὐκ</em></span> <span class='ocrx_word' id='word_1_159' title='bbox 545 3056 632 3143; x_wconf 87' lang='grc' dir='ltr'><em>έμά·</em></span> <span class='ocrx_word' id='word_1_160' title='bbox 655 3064 795 3143; x_wconf 80' lang='grc' dir='ltr'><em>κτῆσις</em></span> <span class='ocrx_word' id='word_1_161' title='bbox 817 3058 894 3127; x_wconf 77' lang='grc' dir='ltr'><em>οὐκ</em></span> <span class='ocrx_word' id='word_1_162' title='bbox 923 3061 1010 3149; x_wconf 80' lang='grc' dir='ltr'><em>έμή.</em></span> <span class='ocrx_word' id='word_1_163' title='bbox 1034 3080 1177 3151; x_wconf 82' lang='grc' dir='ltr'><em>συγγε-</em></span> 
     </span>
     <span class='ocr_line' id='line_1_24' title="bbox 183 3160 1176 3254; baseline 0.007 -23"><span class='ocrx_word' id='word_1_164' title='bbox 183 3172 285 3248; x_wconf 82' lang='grc' dir='ltr'><em>νεῖς,</em></span> <span class='ocrx_word' id='word_1_165' title='bbox 310 3166 473 3246; x_wconf 79' lang='grc' dir='ltr'><em>οἰκεῖοι,</em></span> <span class='ocrx_word' id='word_1_166' title='bbox 498 3167 637 3250; x_wconf 82' lang='grc' dir='ltr'><em>φίλοι,</em></span> <span class='ocrx_word' id='word_1_167' title='bbox 662 3160 787 3251; x_wconf 80' lang='grc' dir='ltr'><em>φήμη,</em></span> <span class='ocrx_word' id='word_1_168' title='bbox 817 3165 1016 3253; x_wconf 71' lang='grc' dir='ltr'><em>συνήθεις</em></span> <span class='ocrx_word' id='word_1_169' title='bbox 1039 3168 1176 3254; x_wconf 85' lang='grc' dir='ltr'><em>τόποι,</em></span> 
     </span>
     <span class='ocr_line' id='line_1_25' title="bbox 184 3266 1175 3358; baseline 0.007 -21"><span class='ocrx_word' id='word_1_170' title='bbox 184 3266 389 3357; x_wconf 77' lang='grc' dir='ltr'><em>διατριβὴ,</em></span> <span class='ocrx_word' id='word_1_171' title='bbox 422 3266 555 3337; x_wconf 85' lang='grc' dir='ltr'><em>πόντοι</em></span> <span class='ocrx_word' id='word_1_172' title='bbox 588 3276 712 3337; x_wconf 80' lang='grc' dir='ltr'><em>ταῦτα</em></span> <span class='ocrx_word' id='word_1_173' title='bbox 747 3270 806 3338; x_wconf 87' lang='grc' dir='ltr'><em>ότι</em></span> <span class='ocrx_word' id='word_1_174' title='bbox 841 3269 1044 3358; x_wconf 90' lang='grc' dir='ltr'><em>ἀλλότρια.</em></span> <span class='ocrx_word' id='word_1_175' title='bbox 1091 3276 1175 3344; x_wconf 85' lang='grc' dir='ltr'><em>Σδν</em></span> 
     </span>
     <span class='ocr_line' id='line_1_26' title="bbox 184 3368 1178 3470; baseline 0.007 -26"><span class='ocrx_word' id='word_1_176' title='bbox 184 3368 260 3444; x_wconf 82' lang='grc' dir='ltr'><em>οὖν</em></span> <span class='ocrx_word' id='word_1_177' title='bbox 282 3375 511 3463; x_wconf 65' lang='grc' dir='ltr'><em>τός’Χρῆσις</em></span> <span class='ocrx_word' id='word_1_178' title='bbox 537 3382 793 3463; x_wconf 78' lang='grc' dir='ltr'><em>φαντασιῶν.</em></span> <span class='ocrx_word' id='word_1_179' title='bbox 817 3377 964 3466; x_wconf 78' lang='grc' dir='ltr'><em>ταύτην</em></span> <span class='ocrx_word' id='word_1_180' title='bbox 988 3381 1084 3463; x_wconf 82' lang='grc' dir='ltr'><em>έδειξέ</em></span> <span class='ocrx_word' id='word_1_181' title='bbox 1110 3411 1178 3470; x_wconf 94' lang='grc' dir='ltr'><em>μοι</em></span> 
     </span>
     <span class='ocr_line' id='line_1_27' title="bbox 185 3479 1178 3572; baseline 0.011 -24"><span class='ocrx_word' id='word_1_182' title='bbox 185 3480 246 3549; x_wconf 85' lang='grc' dir='ltr'><em>ὅτι</em></span> <span class='ocrx_word' id='word_1_183' title='bbox 284 3479 494 3549; x_wconf 77' lang='grc' dir='ltr'><em>ἀκώλυτον</em></span> <span class='ocrx_word' id='word_1_184' title='bbox 537 3483 627 3569; x_wconf 78' lang='grc' dir='ltr'><em>ἔχω,</em></span> <span class='ocrx_word' id='word_1_185' title='bbox 671 3480 999 3571; x_wconf 77' lang='grc' dir='ltr'><em>ἀνανάηιιαστον,</em></span> <span class='ocrx_word' id='word_1_186' title='bbox 1038 3487 1178 3572; x_wconf 82' lang='grc' dir='ltr'><em>οὐδεὶς</em></span> 
     </span>
     <span class='ocr_line' id='line_1_28' title="bbox 186 3586 1179 3678; baseline 0.011 -24"><span class='ocrx_word' id='word_1_187' title='bbox 186 3586 620 3672; x_wconf 79' lang='grc' dir='ltr'><em>έμποδλσαιδόναται,</em></span> <span class='ocrx_word' id='word_1_188' title='bbox 646 3587 780 3669; x_wconf 79' lang='grc' dir='ltr'><em>οὐδεὶς</em></span> <span class='ocrx_word' id='word_1_189' title='bbox 802 3589 1026 3678; x_wconf 84' lang='grc' dir='ltr'><em>βιάσασθαι</em></span> <span class='ocrx_word' id='word_1_190' title='bbox 1046 3594 1179 3678; x_wconf 79' lang='grc' dir='ltr'><em>ἀλλοις</em></span> 
     </span>
     <span class='ocr_line' id='line_1_29' title="bbox 184 3690 1015 3780; baseline 0.011 -21"><span class='ocrx_word' id='word_1_191' title='bbox 184 3690 410 3779; x_wconf 76' lang='grc' dir='ltr'><em>χρησασθαι</em></span> <span class='ocrx_word' id='word_1_192' title='bbox 432 3690 455 3780; x_wconf 77' lang='grc' dir='ltr'><em>ἢ</em></span> <span class='ocrx_word' id='word_1_193' title='bbox 470 3691 520 3773; x_wconf 77' lang='grc' dir='ltr'><em>τός</em></span> <span class='ocrx_word' id='word_1_194' title='bbox 546 3695 667 3763; x_wconf 84' lang='grc' dir='ltr'><em>θέλω.</em></span> <span class='ocrx_word' id='word_1_195' title='bbox 704 3699 776 3764; x_wconf 77' lang='lat' dir='ltr'><strong>coll.</strong></span> <span class='ocrx_word' id='word_1_196' title='bbox 799 3696 854 3766; x_wconf 75' lang='lat' dir='ltr'><em>lv.</em></span> <span class='ocrx_word' id='word_1_197' title='bbox 882 3707 916 3773; x_wconf 80' lang='lat'><em>1,</em></span> <span class='ocrx_word' id='word_1_198' title='bbox 944 3708 1015 3768; x_wconf 87' lang='grc'><strong>114.</strong></span> 
     </span>
    </p>
   </div>
   <div class='ocr_carea' id='block_1_8' title="bbox 0 0 1369 4550">
    <p class='ocr_par' dir='ltr' id='par_1_8' title="bbox 0 0 1369 4550">
     <span class='ocr_line' id='line_1_30' title="bbox 0 0 1369 4550; baseline 0 0"><span class='ocrx_word' id='word_1_199' title='bbox 0 0 1369 4550; x_wconf 95' lang='lat' dir='ltr'><em> </em></span> 
     </span>
    </p>
   </div>
  </div>
 </body>
</html>
