<?xml version="1.0" encoding="UTF-8"?>
<!DOCTYPE html PUBLIC "-//W3C//DTD XHTML 1.0 Transitional//EN"
    "http://www.w3.org/TR/xhtml1/DTD/xhtml1-transitional.dtd">
<html xmlns="http://www.w3.org/1999/xhtml" xml:lang="en" lang="en">
 <head>
  <title>
</title>
<meta http-equiv="Content-Type" content="text/html;charset=utf-8" />
  <meta name='ocr-system' content='tesseract 3.04.00' />
  <meta name='ocr-capabilities' content='ocr_page ocr_carea ocr_par ocr_line ocrx_word'/>
</head>
<body>
  <div class='ocr_page' id='page_1' title='image "./mtulliiciceroni01gedigoog_0259.png"; bbox 0 0 2717 4550; ppageno 0'>
   <div class='ocr_carea' id='block_1_1' title="bbox 219 270 1044 375">
    <p class='ocr_par' dir='ltr' id='par_1_1' title="bbox 219 270 1044 375">
     <span class='ocr_line' id='line_1_1' title="bbox 219 270 1044 375; baseline 0.004 -22"><span class='ocrx_word' id='word_1_1' title='bbox 219 286 302 353; x_wconf 89' lang='lat' dir='ltr'><strong>XII.</strong></span> <span class='ocrx_word' id='word_1_2' title='bbox 330 270 921 357; x_wconf 64' lang='lat' dir='ltr'>Panrearrrrrcr.D1crciucrros.</span> <span class='ocrx_word' id='word_1_3' title='bbox 971 306 1044 375; x_wconf 67' lang='lat'>933</span> 
     </span>
    </p>
   </div>
   <div class='ocr_carea' id='block_1_2' title="bbox 63 418 1227 1717">
    <p class='ocr_par' dir='ltr' id='par_1_2' title="bbox 104 418 1043 549">
     <span class='ocr_line' id='line_1_2' title="bbox 104 418 1043 549; baseline 0 -22"><span class='ocrx_word' id='word_1_4' title='bbox 104 446 151 527; x_wconf 80' lang='lat' dir='ltr'>&#39;tie</span> <span class='ocrx_word' id='word_1_5' title='bbox 166 436 346 545; x_wconf 83' lang='lat' dir='ltr'>comparat,</span> <span class='ocrx_word' id='word_1_6' title='bbox 369 468 618 549; x_wconf 77' lang='lat' dir='ltr'>quantoplures</span> <span class='ocrx_word' id='word_1_7' title='bbox 635 418 732 528; x_wconf 80' lang='lat' dir='ltr'>deleti</span> <span class='ocrx_word' id='word_1_8' title='bbox 746 468 808 527; x_wconf 86' lang='lat' dir='ltr'>srnt</span> <span class='ocrx_word' id='word_1_9' title='bbox 823 420 976 529; x_wconf 79' lang='lat' dir='ltr'>homihea</span> <span class='ocrx_word' id='word_1_10' title='bbox 987 468 1043 529; x_wconf 82' lang='lat' dir='ltr'>ho·</span> 
     </span>
    </p>

    <p class='ocr_par' dir='ltr' id='par_1_3' title="bbox 107 538 1227 646">
     <span class='ocr_line' id='line_1_3' title="bbox 107 538 1227 646; baseline 0.001 -22"><span class='ocrx_word' id='word_1_11' title='bbox 107 564 258 639; x_wconf 74' lang='lat' dir='ltr'>minum</span> <span class='ocrx_word' id='word_1_12' title='bbox 263 538 400 642; x_wconf 64' lang='lat' dir='ltr'>impitu</span> <span class='ocrx_word' id='word_1_13' title='bbox 414 564 454 633; x_wconf 89' lang='lat' dir='ltr'>id</span> <span class='ocrx_word' id='word_1_14' title='bbox 461 559 518 625; x_wconf 81' lang='lat' dir='ltr'>est</span> <span class='ocrx_word' id='word_1_15' title='bbox 521 562 614 625; x_wconf 85' lang='lat' dir='ltr'>bellis</span> <span class='ocrx_word' id='word_1_16' title='bbox 630 578 687 624; x_wconf 88' lang='lat' dir='ltr'>aut</span> <span class='ocrx_word' id='word_1_17' title='bbox 699 563 920 641; x_wconf 75' lang='lat' dir='ltr'>seditionibus,</span> <span class='ocrx_word' id='word_1_18' title='bbox 944 582 1045 646; x_wconf 84' lang='lat' dir='ltr'>quam</span> <span class='ocrx_word' id='word_1_19' title='bbox 1222 550 1227 558; x_wconf 59' lang='grc'><em>’</em></span> 
     </span>
    </p>

    <p class='ocr_par' dir='ltr' id='par_1_4' title="bbox 103 656 1211 838">
     <span class='ocr_line' id='line_1_4' title="bbox 103 656 1126 741; baseline 0.002 -20"><span class='ocrx_word' id='word_1_20' title='bbox 103 656 210 722; x_wconf 31' lang='lat' dir='ltr'>&#39;omni</span> <span class='ocrx_word' id='word_1_21' title='bbox 228 661 349 741; x_wconf 82' lang='lat' dir='ltr'>reliqua</span> <span class='ocrx_word' id='word_1_22' title='bbox 371 661 558 733; x_wconf 75' lang='lat' dir='ltr'>calamitate.</span> <span class='ocrx_word' id='word_1_23' title='bbox 1122 662 1126 669; x_wconf 56' lang='lat'>‘</span> 
     </span>
     <span class='ocr_line' id='line_1_5' title="bbox 196 737 1211 849; baseline 0.001 -34"><span class='ocrx_word' id='word_1_24' title='bbox 196 757 449 819; x_wconf 77' lang='lat' dir='ltr'>Dicaearchus</span> <span class='ocrx_word' id='word_1_25' title='bbox 439 779 475 818; x_wconf 83' lang='lat' dir='ltr'>cn</span> <span class='ocrx_word' id='word_1_26' title='bbox 502 774 539 818; x_wconf 93' lang='lat' dir='ltr'>eo</span> <span class='ocrx_word' id='word_1_27' title='bbox 568 756 736 843; x_wconf 81' lang='lat' dir='ltr'><strong>sermone,</strong></span> <span class='ocrx_word' id='word_1_28' title='bbox 770 772 872 849; x_wconf 82' lang='lat' dir='ltr'>quem</span> <span class='ocrx_word' id='word_1_29' title='bbox 899 759 1047 834; x_wconf 72' lang='lat' dir='ltr'>Corinthi</span> <span class='ocrx_word' id='word_1_30' title='bbox 1065 737 1161 841; x_wconf 70' lang='lat' dir='ltr'>Tale.</span> <span class='ocrx_word' id='word_1_31' title='bbox 1182 779 1211 828; x_wconf 83' lang='lat' dir='ltr'>r,</span> 
     </span>
    </p>

    <p class='ocr_par' dir='ltr' id='par_1_5' title="bbox 108 845 1171 936">
     <span class='ocr_line' id='line_1_6' title="bbox 108 845 1171 936; baseline 0.002 -21"><span class='ocrx_word' id='word_1_32' title='bbox 108 852 266 915; x_wconf 80' lang='lat' dir='ltr'>habitum</span> <span class='ocrx_word' id='word_1_33' title='bbox 286 855 388 915; x_wconf 86' lang='lat' dir='ltr'>tribua</span> <span class='ocrx_word' id='word_1_34' title='bbox 410 855 501 916; x_wconf 88' lang='lat' dir='ltr'>libris</span> <span class='ocrx_word' id='word_1_35' title='bbox 516 856 657 936; x_wconf 82' lang='lat' dir='ltr'>exponit,</span> <span class='ocrx_word' id='word_1_36' title='bbox 680 857 852 917; x_wconf 90' lang='lat' dir='ltr'>doctorum</span> <span class='ocrx_word' id='word_1_37' title='bbox 867 857 1049 917; x_wconf 89' lang='lat' dir='ltr'>hominum</span> <span class='ocrx_word' id='word_1_38' title='bbox 1125 845 1171 886; x_wconf 78' lang='lat'>¹⁰</span> 
     </span>
    </p>

    <p class='ocr_par' dir='ltr' id='par_1_6' title="bbox 107 938 1049 1033">
     <span class='ocr_line' id='line_1_7' title="bbox 107 938 1049 1033; baseline 0.001 -20"><span class='ocrx_word' id='word_1_39' title='bbox 107 938 350 1033; x_wconf 65' lang='lat' dir='ltr'>disputantium</span> <span class='ocrx_word' id='word_1_40' title='bbox 368 954 480 1033; x_wconf 81' lang='lat' dir='ltr'>primo</span> <span class='ocrx_word' id='word_1_41' title='bbox 501 953 584 1014; x_wconf 90' lang='lat' dir='ltr'>libro</span> <span class='ocrx_word' id='word_1_42' title='bbox 614 938 738 1015; x_wconf 81' lang='lat' dir='ltr'>multos</span> <span class='ocrx_word' id='word_1_43' title='bbox 766 954 935 1033; x_wconf 86' lang='lat' dir='ltr'>loquentes</span> <span class='ocrx_word' id='word_1_44' title='bbox 957 953 1049 1019; x_wconf 67' lang='lat' dir='ltr'>facite</span> 
     </span>
    </p>

    <p class='ocr_par' dir='ltr' id='par_1_7' title="bbox 108 1036 1061 1134">
     <span class='ocr_line' id='line_1_8' title="bbox 108 1036 1061 1134; baseline -0.001 -23"><span class='ocrx_word' id='word_1_45' title='bbox 108 1049 243 1111; x_wconf 77' lang='lat' dir='ltr'>duobus</span> <span class='ocrx_word' id='word_1_46' title='bbox 265 1051 491 1111; x_wconf 83' lang='lat' dir='ltr'>Pherecratem</span> <span class='ocrx_word' id='word_1_47' title='bbox 519 1052 686 1134; x_wconf 80' lang='lat' dir='ltr'>quendam</span> <span class='ocrx_word' id='word_1_48' title='bbox 709 1036 900 1113; x_wconf 76' lang='lat' dir='ltr'>Phthiotam</span> <span class='ocrx_word' id='word_1_49' title='bbox 925 1049 1061 1121; x_wconf 72' lang='lat' dir='ltr'>lenem,</span> 
     </span>
    </p>

    <p class='ocr_par' dir='ltr' id='par_1_8' title="bbox 111 1140 1049 1227">
     <span class='ocr_line' id='line_1_9' title="bbox 111 1140 1049 1227; baseline 0 -20"><span class='ocrx_word' id='word_1_50' title='bbox 111 1145 513 1227; x_wconf 79' lang='lat' dir='ltr'>qoemaitaDeuialiono</span> <span class='ocrx_word' id='word_1_51' title='bbox 536 1163 665 1224; x_wconf 80' lang='lat' dir='ltr'>ortum,</span> <span class='ocrx_word' id='word_1_52' title='bbox 686 1140 893 1210; x_wconf 79' lang='lat' dir='ltr'>differentem</span> <span class='ocrx_word' id='word_1_53' title='bbox 911 1147 1049 1222; x_wconf 82' lang='lat' dir='ltr'>inducit,</span> 
     </span>
    </p>

    <p class='ocr_par' dir='ltr' id='par_1_9' title="bbox 110 1232 1099 1324">
     <span class='ocr_line' id='line_1_10' title="bbox 110 1232 1099 1324; baseline -0.001 -18"><span class='ocrx_word' id='word_1_54' title='bbox 110 1246 199 1306; x_wconf 86' lang='lat' dir='ltr'>nihil</span> <span class='ocrx_word' id='word_1_55' title='bbox 214 1242 274 1303; x_wconf 81' lang='lat' dir='ltr'>effe</span> <span class='ocrx_word' id='word_1_56' title='bbox 289 1246 430 1306; x_wconf 82' lang='lat' dir='ltr'>omnino</span> <span class='ocrx_word' id='word_1_57' title='bbox 444 1232 616 1321; x_wconf 88' lang='lat' dir='ltr'>animum,</span> <span class='ocrx_word' id='word_1_58' title='bbox 638 1250 670 1306; x_wconf 79' lang='lat' dir='ltr'>et</span> <span class='ocrx_word' id='word_1_59' title='bbox 689 1246 753 1306; x_wconf 82' lang='lat' dir='ltr'>hoc&#39;</span> <span class='ocrx_word' id='word_1_60' title='bbox 769 1244 830 1305; x_wconf 79' lang='lat' dir='ltr'>elle</span> <span class='ocrx_word' id='word_1_61' title='bbox 851 1264 976 1324; x_wconf 87' lang='lat' dir='ltr'>nomen</span> <span class='ocrx_word' id='word_1_62' title='bbox 999 1257 1064 1305; x_wconf 54' lang='grc' dir='ltr'>τον</span> <span class='ocrx_word' id='word_1_63' title='bbox 1092 1240 1099 1247; x_wconf 75' lang='grc'><strong><em>’</em></strong></span> 
     </span>
    </p>

    <p class='ocr_par' dir='ltr' id='par_1_10' title="bbox 111 1330 1050 1423">
     <span class='ocr_line' id='line_1_11' title="bbox 111 1330 1050 1423; baseline 0.001 -21"><span class='ocrx_word' id='word_1_64' title='bbox 111 1330 191 1402; x_wconf 87' lang='lat' dir='ltr'>tum</span> <span class='ocrx_word' id='word_1_65' title='bbox 209 1340 325 1415; x_wconf 88' lang='lat' dir='ltr'>inane,</span> <span class='ocrx_word' id='word_1_66' title='bbox 347 1338 524 1420; x_wconf 79' lang='lat' dir='ltr'>fnsstraque</span> <span class='ocrx_word' id='word_1_67' title='bbox 551 1342 703 1402; x_wconf 87' lang='lat' dir='ltr'>animalia</span> <span class='ocrx_word' id='word_1_68' title='bbox 725 1340 758 1402; x_wconf 80' lang='lat' dir='ltr'>ei</span> <span class='ocrx_word' id='word_1_69' title='bbox 784 1344 967 1403; x_wconf 78' lang='lat' dir='ltr'>animantes</span> <span class='ocrx_word' id='word_1_70' title='bbox 993 1363 1050 1423; x_wconf 91' lang='lat' dir='ltr'>ap·</span> 
     </span>
    </p>

    <p class='ocr_par' dir='ltr' id='par_1_11' title="bbox 63 1434 1112 1520">
     <span class='ocr_line' id='line_1_12' title="bbox 63 1434 1112 1520; baseline -0.002 -20"><span class='ocrx_word' id='word_1_71' title='bbox 63 1452 68 1473; x_wconf 81' lang='lat'><strong><em>‘</em></strong></span> <span class='ocrx_word' id='word_1_72' title='bbox 111 1439 245 1520; x_wconf 74' lang='lat' dir='ltr'>‚pellari3</span> <span class='ocrx_word' id='word_1_73' title='bbox 274 1434 442 1520; x_wconf 74' lang='lat' dir='ltr'>nequein‘</span> <span class='ocrx_word' id='word_1_74' title='bbox 462 1439 600 1500; x_wconf 86' lang='lat' dir='ltr'>homine</span> <span class='ocrx_word' id='word_1_75' title='bbox 617 1436 887 1505; x_wconf 79' lang='lat' dir='ltr'>ineffeanimu&#39;m</span> <span class='ocrx_word' id='word_1_76' title='bbox 907 1440 960 1499; x_wconf 87' lang='lat' dir='ltr'>vel</span> <span class='ocrx_word' id='word_1_77' title='bbox 983 1441 1049 1500; x_wconf 90' lang='lat' dir='ltr'>ani·</span> <span class='ocrx_word' id='word_1_78' title='bbox 1110 1457 1112 1463; x_wconf 70' lang='grc'>’</span> 
     </span>
    </p>

    <p class='ocr_par' dir='ltr' id='par_1_12' title="bbox 112 1522 1093 1616">
     <span class='ocr_line' id='line_1_13' title="bbox 112 1522 1093 1616; baseline -0.001 -19"><span class='ocrx_word' id='word_1_79' title='bbox 112 1556 228 1614; x_wconf 85' lang='lat' dir='ltr'>mam,</span> <span class='ocrx_word' id='word_1_80' title='bbox 249 1555 311 1596; x_wconf 92' lang='lat' dir='ltr'>nec</span> <span class='ocrx_word' id='word_1_81' title='bbox 326 1539 362 1597; x_wconf 89' lang='lat' dir='ltr'>in</span> <span class='ocrx_word' id='word_1_82' title='bbox 377 1534 489 1596; x_wconf 84' lang='lat' dir='ltr'>bestia:</span> <span class='ocrx_word' id='word_1_83' title='bbox 511 1522 647 1616; x_wconf 86' lang='lat' dir='ltr'>vimque</span> <span class='ocrx_word' id='word_1_84' title='bbox 662 1530 802 1609; x_wconf 82' lang='lat' dir='ltr'>ornnem</span> <span class='ocrx_word' id='word_1_85' title='bbox 816 1556 901 1612; x_wconf 87' lang='lat' dir='ltr'>eam,</span> <span class='ocrx_word' id='word_1_86' title='bbox 922 1556 983 1616; x_wconf 87' lang='lat' dir='ltr'>qua</span> <span class='ocrx_word' id='word_1_87' title='bbox 996 1534 1050 1597; x_wconf 88' lang='lat' dir='ltr'>vel</span> <span class='ocrx_word' id='word_1_88' title='bbox 1084 1592 1093 1601; x_wconf 77' lang='grc'>,,</span> 
     </span>
    </p>

    <p class='ocr_par' dir='ltr' id='par_1_13' title="bbox 112 1631 1049 1717">
     <span class='ocr_line' id='line_1_14' title="bbox 112 1631 1049 1717; baseline 0 -24"><span class='ocrx_word' id='word_1_89' title='bbox 112 1652 255 1717; x_wconf 76' lang='lat' dir='ltr'>agamus</span> <span class='ocrx_word' id='word_1_90' title='bbox 270 1634 349 1714; x_wconf 86' lang='lat' dir='ltr'>quid</span> <span class='ocrx_word' id='word_1_91' title='bbox 370 1632 424 1692; x_wconf 86' lang='lat' dir='ltr'>vel</span> <span class='ocrx_word' id='word_1_92' title='bbox 445 1631 679 1708; x_wconf 80' lang='lat' dir='ltr'>sentiamus,</span> <span class='ocrx_word' id='word_1_93' title='bbox 669 1653 707 1695; x_wconf 81' lang='lat' dir='ltr'>an</span> <span class='ocrx_word' id='word_1_94' title='bbox 728 1633 884 1693; x_wconf 85' lang='lat' dir='ltr'>omnibus</span> <span class='ocrx_word' id='word_1_95' title='bbox 910 1636 1049 1714; x_wconf 87' lang='lat' dir='ltr'>corpori·</span> 
     </span>
    </p>
   </div>
   <div class='ocr_carea' id='block_1_3' title="bbox 3 1728 1155 1812">
    <p class='ocr_par' dir='ltr' id='par_1_14' title="bbox 3 1728 1155 1812">
     <span class='ocr_line' id='line_1_15' title="bbox 3 1728 1155 1812; baseline 0.008 -27"><span class='ocrx_word' id='word_1_96' title='bbox 3 1780 7 1785; x_wconf 75' lang='grc'><strong>,</strong></span> <span class='ocrx_word' id='word_1_97' title='bbox 111 1731 177 1792; x_wconf 89' lang='lat' dir='ltr'>bus</span> <span class='ocrx_word' id='word_1_98' title='bbox 196 1731 280 1790; x_wconf 84' lang='lat' dir='ltr'>vivia</span> <span class='ocrx_word' id='word_1_99' title='bbox 300 1729 507 1810; x_wconf 85' lang='lat' dir='ltr'>aequabiliter</span> <span class='ocrx_word' id='word_1_100' title='bbox 528 1729 588 1791; x_wconf 84' lang='lat' dir='ltr'>effe</span> <span class='ocrx_word' id='word_1_101' title='bbox 609 1728 736 1806; x_wconf 82' lang='lat' dir='ltr'>fusam,</span> <span class='ocrx_word' id='word_1_102' title='bbox 758 1748 820 1790; x_wconf 87' lang='lat' dir='ltr'>nec</span> <span class='ocrx_word' id='word_1_103' title='bbox 839 1729 1050 1812; x_wconf 84' lang='lat' dir='ltr'>separabilem</span> <span class='ocrx_word' id='word_1_104' title='bbox 1146 1748 1155 1758; x_wconf 86' lang='lat'><strong>·</strong></span> 
     </span>
    </p>
   </div>
   <div class='ocr_carea' id='block_1_4' title="bbox 42 1814 1271 3177">
    <p class='ocr_par' dir='ltr' id='par_1_15' title="bbox 49 1814 1280 2496">
     <span class='ocr_line' id='line_1_16' title="bbox 49 1814 1048 1913; baseline 0.001 -24"><span class='ocrx_word' id='word_1_105' title='bbox 49 1878 54 1897; x_wconf 85' lang='grc'><em>,</em></span> <span class='ocrx_word' id='word_1_106' title='bbox 92 1840 133 1889; x_wconf 72' lang='lat' dir='ltr'>‘a</span> <span class='ocrx_word' id='word_1_107' title='bbox 150 1814 291 1913; x_wconf 86' lang='lat' dir='ltr'>corp&#39;ore</span> <span class='ocrx_word' id='word_1_108' title='bbox 304 1825 391 1901; x_wconf 84' lang='lat' dir='ltr'>elle,</span> <span class='ocrx_word' id='word_1_109' title='bbox 404 1828 523 1909; x_wconf 88' lang='lat' dir='ltr'>quippe</span> <span class='ocrx_word' id='word_1_110' title='bbox 541 1843 624 1907; x_wconf 86' lang='lat' dir='ltr'>quae</span> <span class='ocrx_word' id='word_1_111' title='bbox 639 1827 730 1887; x_wconf 91' lang='lat' dir='ltr'>nulla</span> <span class='ocrx_word' id='word_1_112' title='bbox 747 1826 800 1902; x_wconf 84' lang='lat' dir='ltr'>fir,</span> <span class='ocrx_word' id='word_1_113' title='bbox 820 1848 882 1889; x_wconf 80' lang='lat' dir='ltr'>nec</span> <span class='ocrx_word' id='word_1_114' title='bbox 897 1826 934 1889; x_wconf 87' lang='lat' dir='ltr'>fit</span> <span class='ocrx_word' id='word_1_115' title='bbox 953 1828 1048 1910; x_wconf 85' lang='lat' dir='ltr'>quid·</span> 
     </span>
     <span class='ocr_line' id='line_1_17' title="bbox 112 1923 1048 2011; baseline 0.001 -25"><span class='ocrx_word' id='word_1_116' title='bbox 112 1946 235 2009; x_wconf 86' lang='lat' dir='ltr'>quam,</span> <span class='ocrx_word' id='word_1_117' title='bbox 256 1923 316 1986; x_wconf 87' lang='lat' dir='ltr'>nili</span> <span class='ocrx_word' id='word_1_118' title='bbox 333 1940 448 2005; x_wconf 86' lang='lat' dir='ltr'>corpus</span> <span class='ocrx_word' id='word_1_119' title='bbox 463 1945 575 1985; x_wconf 89' lang='lat' dir='ltr'>unum</span> <span class='ocrx_word' id='word_1_120' title='bbox 590 1938 622 1985; x_wconf 89' lang='lat' dir='ltr'>et</span> <span class='ocrx_word' id='word_1_121' title='bbox 634 1924 786 2006; x_wconf 73' lang='lat' dir='ltr'>simplex,</span> <span class='ocrx_word' id='word_1_122' title='bbox 806 1927 849 1986; x_wconf 89' lang='lat' dir='ltr'>ita</span> <span class='ocrx_word' id='word_1_123' title='bbox 863 1928 1048 2011; x_wconf 78' lang='lat' dir='ltr'>figuratum,</span> 
     </span>
     <span class='ocr_line' id='line_1_18' title="bbox 111 2018 1215 2106; baseline -0.001 -23"><span class='ocrx_word' id='word_1_124' title='bbox 111 2036 153 2084; x_wconf 89' lang='lat' dir='ltr'>ut</span> <span class='ocrx_word' id='word_1_125' title='bbox 164 2024 403 2104; x_wconf 88' lang='lat' dir='ltr'>temperatione</span> <span class='ocrx_word' id='word_1_126' title='bbox 422 2034 556 2083; x_wconf 88' lang='lat' dir='ltr'>naturae</span> <span class='ocrx_word' id='word_1_127' title='bbox 569 2024 675 2105; x_wconf 82' lang='lat' dir='ltr'>vigeat</span> <span class='ocrx_word' id='word_1_128' title='bbox 696 2028 729 2081; x_wconf 80' lang='lat' dir='ltr'>et</span> <span class='ocrx_word' id='word_1_129' title='bbox 745 2019 867 2084; x_wconf 86' lang='lat' dir='ltr'>sentiat.</span> <span class='ocrx_word' id='word_1_130' title='bbox 890 2057 934 2070; x_wconf 89' lang='lat'><em>-</em></span> <span class='ocrx_word' id='word_1_131' title='bbox 949 2024 1049 2095; x_wconf 58' lang='lat' dir='ltr'>Acere</span> <span class='ocrx_word' id='word_1_132' title='bbox 1079 2032 1163 2091; x_wconf 77' lang='lat' dir='ltr'>Tnic.</span> <span class='ocrx_word' id='word_1_133' title='bbox 1184 2018 1215 2106; x_wconf 68' lang='lat'>1,</span> 
     </span>
     <span class='ocr_line' id='line_1_19' title="bbox 102 2111 1173 2195; baseline 0.001 -14"><span class='ocrx_word' id='word_1_134' title='bbox 102 2120 343 2183; x_wconf 78' lang='lat' dir='ltr'>-rimeoeliciae</span> <span class='ocrx_word' id='word_1_135' title='bbox 356 2138 460 2195; x_wconf 89' lang='lat' dir='ltr'>meae,</span> <span class='ocrx_word' id='word_1_136' title='bbox 499 2119 731 2191; x_wconf 80' lang='lat' dir='ltr'>Dicaearchus,</span> <span class='ocrx_word' id='word_1_137' title='bbox 750 2135 860 2181; x_wconf 91' lang='lat' dir='ltr'>contra</span> <span class='ocrx_word' id='word_1_138' title='bbox 878 2123 1052 2184; x_wconf 83' lang='lat' dir='ltr'>immorta-</span> <span class='ocrx_word' id='word_1_139' title='bbox 1115 2111 1173 2164; x_wconf 64' lang='lat'>&#39;3¹‘</span> 
     </span>
     <span class='ocr_line' id='line_1_20' title="bbox 114 2213 1051 2301; baseline 0.004 -23"><span class='ocrx_word' id='word_1_140' title='bbox 114 2218 243 2280; x_wconf 86' lang='lat' dir='ltr'>litatem</span> <span class='ocrx_word' id='word_1_141' title='bbox 264 2216 415 2278; x_wconf 80' lang='lat' dir='ltr'>differuit.</span> <span class='ocrx_word' id='word_1_142' title='bbox 457 2218 485 2278; x_wconf 87' lang='lat' dir='ltr'>Is</span> <span class='ocrx_word' id='word_1_143' title='bbox 507 2217 601 2278; x_wconf 87' lang='lat' dir='ltr'>enim</span> <span class='ocrx_word' id='word_1_144' title='bbox 621 2227 686 2277; x_wconf 88' lang='lat' dir='ltr'>tres</span> <span class='ocrx_word' id='word_1_145' title='bbox 709 2213 811 2278; x_wconf 87' lang='lat' dir='ltr'>libros</span> <span class='ocrx_word' id='word_1_146' title='bbox 835 2216 951 2301; x_wconf 85' lang='lat' dir='ltr'>scripfit</span> <span class='ocrx_word' id='word_1_147' title='bbox 978 2221 1051 2300; x_wconf 90' lang='lat' dir='ltr'>(qui</span> 
     </span>
     <span class='ocr_line' id='line_1_21' title="bbox 114 2311 1153 2397; baseline 0 -18"><span class='ocrx_word' id='word_1_148' title='bbox 114 2315 274 2380; x_wconf 74' lang='lat' dir='ltr'>Lesbiaci</span> <span class='ocrx_word' id='word_1_149' title='bbox 280 2328 449 2387; x_wconf 87' lang='lat' dir='ltr'>vocantur,</span> <span class='ocrx_word' id='word_1_150' title='bbox 468 2314 554 2393; x_wconf 91' lang='lat' dir='ltr'>quod</span> <span class='ocrx_word' id='word_1_151' title='bbox 575 2314 741 2393; x_wconf 86' lang='lat' dir='ltr'>Mytilenis</span> <span class='ocrx_word' id='word_1_152' title='bbox 764 2314 869 2376; x_wconf 83' lang='lat' dir='ltr'>sermo</span> <span class='ocrx_word' id='word_1_153' title='bbox 897 2319 1051 2397; x_wconf 84' lang='lat' dir='ltr'>habetur)</span> <span class='ocrx_word' id='word_1_154' title='bbox 1096 2311 1099 2318; x_wconf 75' lang='grc'><em>’</em></span> <span class='ocrx_word' id='word_1_155' title='bbox 1149 2315 1153 2340; x_wconf 78' lang='lat'><em>³</em></span> 
     </span>
     <span class='ocr_line' id='line_1_22' title="bbox 115 2408 996 2496; baseline 0.001 -20"><span class='ocrx_word' id='word_1_156' title='bbox 115 2415 159 2476; x_wconf 86' lang='lat' dir='ltr'>in</span> <span class='ocrx_word' id='word_1_157' title='bbox 176 2416 295 2496; x_wconf 88' lang='lat' dir='ltr'>quibus</span> <span class='ocrx_word' id='word_1_158' title='bbox 317 2413 390 2473; x_wconf 87' lang='lat' dir='ltr'>vult</span> <span class='ocrx_word' id='word_1_159' title='bbox 414 2408 549 2485; x_wconf 88' lang='lat' dir='ltr'>efficere,</span> <span class='ocrx_word' id='word_1_160' title='bbox 568 2414 696 2476; x_wconf 85' lang='lat' dir='ltr'>animos</span> <span class='ocrx_word' id='word_1_161' title='bbox 715 2410 775 2473; x_wconf 82' lang='lat' dir='ltr'>elle</span> <span class='ocrx_word' id='word_1_162' title='bbox 793 2415 996 2484; x_wconf 63' lang='lat' dir='ltr'>mortalesi,</span> 
     </span>
    </p>

    <p class='ocr_par' dir='ltr' id='par_1_16' title="bbox 42 2508 1271 3177">
     <span class='ocr_line' id='line_1_23' title="bbox 156 2508 1212 2598; baseline 0.002 -25"><span class='ocrx_word' id='word_1_163' title='bbox 156 2519 163 2548; x_wconf 94' lang='lat'><em>&#39;</em></span> <span class='ocrx_word' id='word_1_164' title='bbox 203 2513 344 2595; x_wconf 82' lang='lat' dir='ltr'>Magnus</span> <span class='ocrx_word' id='word_1_165' title='bbox 367 2510 555 2571; x_wconf 84' lang='lat' dir='ltr'>Dicaearchi</span> <span class='ocrx_word' id='word_1_166' title='bbox 572 2509 654 2572; x_wconf 85' lang='lat' dir='ltr'>liber</span> <span class='ocrx_word' id='word_1_167' title='bbox 673 2508 734 2584; x_wconf 77' lang='lat' dir='ltr'>etr,</span> <span class='ocrx_word' id='word_1_168' title='bbox 756 2510 877 2574; x_wconf 81' lang='lat' dir='ltr'>nescire</span> <span class='ocrx_word' id='word_1_169' title='bbox 884 2533 950 2588; x_wconf 90' lang='lat' dir='ltr'>ea,</span> <span class='ocrx_word' id='word_1_170' title='bbox 971 2534 1052 2598; x_wconf 88' lang='lat' dir='ltr'>quae</span> <span class='ocrx_word' id='word_1_171' title='bbox 1063 2517 1138 2573; x_wconf 81' lang='lat' dir='ltr'>Drv</span> <span class='ocrx_word' id='word_1_172' title='bbox 1142 2516 1212 2583; x_wconf 62' lang='lat' dir='ltr'>ao«</span> 
     </span>
     <span class='ocr_line' id='line_1_24' title="bbox 42 2599 1213 2687; baseline 0.003 -15"><span class='ocrx_word' id='word_1_173' title='bbox 42 2599 49 2608; x_wconf 10' lang='grc' dir='ltr'><strong><em>κ</em></strong></span> <span class='ocrx_word' id='word_1_174' title='bbox 115 2623 255 2671; x_wconf 88' lang='lat' dir='ltr'>ventura</span> <span class='ocrx_word' id='word_1_175' title='bbox 271 2609 349 2683; x_wconf 78' lang='lat' dir='ltr'>lint,</span> <span class='ocrx_word' id='word_1_176' title='bbox 367 2608 489 2669; x_wconf 86' lang='lat' dir='ltr'>melius</span> <span class='ocrx_word' id='word_1_177' title='bbox 508 2605 588 2682; x_wconf 83' lang='lat' dir='ltr'>effe,</span> <span class='ocrx_word' id='word_1_178' title='bbox 609 2627 710 2687; x_wconf 90' lang='lat' dir='ltr'>quam</span> <span class='ocrx_word' id='word_1_179' title='bbox 731 2605 819 2671; x_wconf 86' lang='lat' dir='ltr'>scire</span> <span class='ocrx_word' id='word_1_180' title='bbox 862 2610 1213 2684; x_wconf 78' lang='lat' dir='ltr'>ldemcete-Dir.1,3</span> 
     </span>
     <span class='ocr_line' id='line_1_25' title="bbox 51 2697 1096 2790; baseline -0.001 -21"><span class='ocrx_word' id='word_1_181' title='bbox 51 2697 69 2790; x_wconf 29' lang='grc'>’1</span> <span class='ocrx_word' id='word_1_182' title='bbox 116 2727 152 2769; x_wconf 88' lang='lat' dir='ltr'>ra</span> <span class='ocrx_word' id='word_1_183' title='bbox 166 2709 374 2768; x_wconf 82' lang='lat' dir='ltr'>divinationis</span> <span class='ocrx_word' id='word_1_184' title='bbox 390 2721 507 2790; x_wconf 83' lang='lat' dir='ltr'>genera</span> <span class='ocrx_word' id='word_1_185' title='bbox 525 2702 665 2778; x_wconf 79' lang='lat' dir='ltr'>sustulit,</span> <span class='ocrx_word' id='word_1_186' title='bbox 686 2705 896 2772; x_wconf 70' lang='lat' dir='ltr'>[bmniorum</span> <span class='ocrx_word' id='word_1_187' title='bbox 917 2706 1050 2770; x_wconf 81' lang='lat' dir='ltr'>et&#39;furo·</span> <span class='ocrx_word' id='word_1_188' title='bbox 1089 2739 1096 2752; x_wconf 85' lang='lat'><strong>·</strong></span> 
     </span>
     <span class='ocr_line' id='line_1_26' title="bbox 116 2803 1214 2886; baseline 0.003 -21"><span class='ocrx_word' id='word_1_189' title='bbox 116 2807 167 2876; x_wconf 79' lang='lat' dir='ltr'>ris¹</span> <span class='ocrx_word' id='word_1_190' title='bbox 181 2805 321 2884; x_wconf 87' lang='lat' dir='ltr'>reliquit.</span> <span class='ocrx_word' id='word_1_191' title='bbox 343 2837 385 2850; x_wconf 94' lang='lat'>-</span> <span class='ocrx_word' id='word_1_192' title='bbox 414 2805 529 2865; x_wconf 84' lang='lat' dir='ltr'>Movet</span> <span class='ocrx_word' id='word_1_193' title='bbox 556 2819 614 2862; x_wconf 86' lang='lat' dir='ltr'>me</span> <span class='ocrx_word' id='word_1_194' title='bbox 642 2803 933 2884; x_wconf 86' lang='lat' dir='ltr'>Peripateticorum</span> <span class='ocrx_word' id='word_1_195' title='bbox 961 2805 1214 2886; x_wconf 76' lang='lat' dir='ltr'>ratio,Div&#39;.2,48.</span> 
     </span>
     <span class='ocr_line' id='line_1_27' title="bbox 83 2897 1053 2984; baseline -0.002 -20"><span class='ocrx_word' id='word_1_196' title='bbox 83 2924 89 2948; x_wconf 52' lang='grc' dir='ltr'>ι</span> <span class='ocrx_word' id='word_1_197' title='bbox 117 2917 150 2966; x_wconf 85' lang='lat' dir='ltr'>et</span> <span class='ocrx_word' id='word_1_198' title='bbox 163 2903 279 2984; x_wconf 85' lang='lat' dir='ltr'>veteris</span> <span class='ocrx_word' id='word_1_199' title='bbox 297 2902 483 2967; x_wconf 85' lang='lat' dir='ltr'>Dicaearchi</span> <span class='ocrx_word' id='word_1_200' title='bbox 497 2913 526 2960; x_wconf 87' lang='lat' dir='ltr'>et</span> <span class='ocrx_word' id='word_1_201' title='bbox 547 2897 635 2976; x_wconf 86' lang='lat' dir='ltr'>ejus,</span> <span class='ocrx_word' id='word_1_202' title='bbox 657 2902 714 2977; x_wconf 92' lang='lat' dir='ltr'>qui</span> <span class='ocrx_word' id='word_1_203' title='bbox 734 2920 826 2962; x_wconf 89' lang='lat' dir='ltr'>nunc</span> <span class='ocrx_word' id='word_1_204' title='bbox 846 2900 955 2975; x_wconf 87' lang='lat' dir='ltr'>floret,</span> <span class='ocrx_word' id='word_1_205' title='bbox 977 2898 1053 2964; x_wconf 89' lang='lat' dir='ltr'>Cra-</span> 
     </span>
     <span class='ocr_line' id='line_1_28' title="bbox 116 2993 1271 3098; baseline 0 -39"><span class='ocrx_word' id='word_1_206' title='bbox 116 3000 211 3082; x_wconf 88' lang='lat' dir='ltr'>tippi,</span> <span class='ocrx_word' id='word_1_207' title='bbox 230 3001 287 3081; x_wconf 90' lang='lat' dir='ltr'>qui</span> <span class='ocrx_word' id='word_1_208' title='bbox 303 2998 436 3060; x_wconf 75' lang='lat' dir='ltr'>&#39;censent</span> <span class='ocrx_word' id='word_1_209' title='bbox 456 2995 517 3058; x_wconf 81' lang='lat' dir='ltr'>elle</span> <span class='ocrx_word' id='word_1_210' title='bbox 538 2996 575 3055; x_wconf 91' lang='lat' dir='ltr'>in</span> <span class='ocrx_word' id='word_1_211' title='bbox 593 2997 764 3098; x_wconf 80' lang='lat' dir='ltr'>mentibus</span> <span class='ocrx_word' id='word_1_212' title='bbox 784 2993 963 3074; x_wconf 87' lang='lat' dir='ltr'>hominum</span> <span class='ocrx_word' id='word_1_213' title='bbox 983 3012 1055 3072; x_wconf 71' lang='lat' dir='ltr'>tan·</span> <span class='ocrx_word' id='word_1_214' title='bbox 1111 3017 1113 3020; x_wconf 85' lang='lat'>·</span> <span class='ocrx_word' id='word_1_215' title='bbox 1197 3015 1214 3072; x_wconf 60' lang='lat' dir='ltr'><em>j</em></span> <span class='ocrx_word' id='word_1_216' title='bbox 1267 3004 1271 3012; x_wconf 86' lang='grc'><em>“</em></span> 
     </span>
     <span class='ocr_line' id='line_1_29' title="bbox 118 3087 1077 3177; baseline 0 -20"><span class='ocrx_word' id='word_1_217' title='bbox 118 3117 221 3177; x_wconf 86' lang='lat' dir='ltr'>quam</span> <span class='ocrx_word' id='word_1_218' title='bbox 248 3087 419 3157; x_wconf 78' lang='lat' dir='ltr'>oraculum</span> <span class='ocrx_word' id='word_1_219' title='bbox 443 3092 591 3173; x_wconf 89' lang='lat' dir='ltr'>aliquod,</span> <span class='ocrx_word' id='word_1_220' title='bbox 619 3111 660 3156; x_wconf 85' lang='lat' dir='ltr'>ex</span> <span class='ocrx_word' id='word_1_221' title='bbox 689 3111 753 3172; x_wconf 92' lang='lat' dir='ltr'>quo</span> <span class='ocrx_word' id='word_1_222' title='bbox 779 3093 889 3156; x_wconf 77' lang='lat' dir='ltr'>futura</span> <span class='ocrx_word' id='word_1_223' title='bbox 908 3094 1077 3176; x_wconf 83' lang='lat' dir='ltr'>praeien-</span> 
     </span>
    </p>
   </div>
   <div class='ocr_carea' id='block_1_5' title="bbox 8 3171 1172 3270">
    <p class='ocr_par' dir='ltr' id='par_1_17' title="bbox 8 3171 1172 3270">
     <span class='ocr_line' id='line_1_30' title="bbox 8 3171 1172 3270; baseline -0.002 -15"><span class='ocrx_word' id='word_1_224' title='bbox 8 3203 13 3218; x_wconf 92' lang='lat'><em>&#39;</em></span> <span class='ocrx_word' id='word_1_225' title='bbox 113 3195 219 3270; x_wconf 76' lang='lat' dir='ltr'>liant,</span> <span class='ocrx_word' id='word_1_226' title='bbox 240 3187 272 3253; x_wconf 81' lang='lat' dir='ltr'>fi</span> <span class='ocrx_word' id='word_1_227' title='bbox 284 3208 339 3255; x_wconf 92' lang='lat' dir='ltr'>aut</span> <span class='ocrx_word' id='word_1_228' title='bbox 361 3195 474 3254; x_wconf 80' lang='lat' dir='ltr'>furore</span> <span class='ocrx_word' id='word_1_229' title='bbox 496 3189 609 3251; x_wconf 89' lang='lat' dir='ltr'>divino</span> <span class='ocrx_word' id='word_1_230' title='bbox 636 3192 788 3255; x_wconf 85' lang='lat' dir='ltr'>incitatus</span> <span class='ocrx_word' id='word_1_231' title='bbox 816 3194 963 3270; x_wconf 80' lang='lat' dir='ltr'>animus,</span> <span class='ocrx_word' id='word_1_232' title='bbox 998 3206 1055 3255; x_wconf 85' lang='lat' dir='ltr'>aut</span> <span class='ocrx_word' id='word_1_233' title='bbox 1145 3171 1172 3230; x_wconf 31' lang='grc' dir='ltr'>’ἶ</span> 
     </span>
    </p>
   </div>
   <div class='ocr_carea' id='block_1_6' title="bbox 31 3288 1217 4070">
    <p class='ocr_par' dir='ltr' id='par_1_18' title="bbox 119 3288 1217 3454">
     <span class='ocr_line' id='line_1_31' title="bbox 119 3288 1177 3376; baseline -0.001 -22"><span class='ocrx_word' id='word_1_234' title='bbox 119 3292 239 3354; x_wconf 80' lang='lat' dir='ltr'>somno</span> <span class='ocrx_word' id='word_1_235' title='bbox 259 3293 458 3370; x_wconf 83' lang='lat' dir='ltr'>relaxatus,</span> <span class='ocrx_word' id='word_1_236' title='bbox 445 3288 548 3353; x_wconf 83' lang='lat' dir='ltr'>solute</span> <span class='ocrx_word' id='word_1_237' title='bbox 567 3303 754 3376; x_wconf 89' lang='lat' dir='ltr'>moveatur</span> <span class='ocrx_word' id='word_1_238' title='bbox 761 3311 796 3354; x_wconf 90' lang='lat' dir='ltr'>ac</span> <span class='ocrx_word' id='word_1_239' title='bbox 817 3292 968 3353; x_wconf 87' lang='lat' dir='ltr'>libere.</span> <span class='ocrx_word' id='word_1_240' title='bbox 1027 3309 1030 3318; x_wconf 54' lang='lat'>⁵</span> <span class='ocrx_word' id='word_1_241' title='bbox 1143 3323 1145 3328; x_wconf 83' lang='lat'><em>.</em></span> <span class='ocrx_word' id='word_1_242' title='bbox 1173 3326 1177 3360; x_wconf 75' lang='lat' dir='ltr'>r</span> 
     </span>
     <span class='ocr_line' id='line_1_32' title="bbox 203 3353 1217 3454; baseline 0.003 -3"><span class='ocrx_word' id='word_1_243' title='bbox 203 3390 440 3452; x_wconf 88' lang='lat' dir='ltr'>Dicaearchum</span> <span class='ocrx_word' id='word_1_244' title='bbox 463 3402 549 3452; x_wconf 88' lang='lat' dir='ltr'>recte</span> <span class='ocrx_word' id='word_1_245' title='bbox 575 3406 673 3449; x_wconf 84' lang='lat' dir='ltr'>amaa.</span> <span class='ocrx_word' id='word_1_246' title='bbox 716 3353 916 3450; x_wconf 79' lang='lat' dir='ltr'>Luculentos</span> <span class='ocrx_word' id='word_1_247' title='bbox 949 3367 1053 3450; x_wconf 88' lang='lat' dir='ltr'>homo</span> <span class='ocrx_word' id='word_1_248' title='bbox 1067 3383 1183 3459; x_wconf 62' lang='lat' dir='ltr'>Mtt-</span> <span class='ocrx_word' id='word_1_249' title='bbox 1182 3400 1217 3454; x_wconf 58' lang='grc' dir='ltr'>ἰ</span> 
     </span>
    </p>

    <p class='ocr_par' dir='ltr' id='par_1_19' title="bbox 31 3469 1167 3970">
     <span class='ocr_line' id='line_1_33' title="bbox 49 3469 1162 3569; baseline -0.005 -19"><span class='ocrx_word' id='word_1_250' title='bbox 49 3522 60 3530; x_wconf 80' lang='lat'><em>-</em></span> <span class='ocrx_word' id='word_1_251' title='bbox 116 3485 174 3564; x_wconf 83' lang='lat' dir='ltr'>est,</span> <span class='ocrx_word' id='word_1_252' title='bbox 190 3502 224 3549; x_wconf 87' lang='lat' dir='ltr'>et</span> <span class='ocrx_word' id='word_1_253' title='bbox 239 3507 318 3549; x_wconf 83' lang='lat' dir='ltr'>crvrs</span> <span class='ocrx_word' id='word_1_254' title='bbox 330 3487 416 3547; x_wconf 85' lang='lat' dir='ltr'>haud</span> <span class='ocrx_word' id='word_1_255' title='bbox 431 3486 539 3567; x_wconf 88' lang='lat' dir='ltr'>paullo</span> <span class='ocrx_word' id='word_1_256' title='bbox 555 3486 674 3550; x_wconf 82' lang='lat' dir='ltr'>melior</span> <span class='ocrx_word' id='word_1_257' title='bbox 689 3506 789 3569; x_wconf 90' lang='lat' dir='ltr'>quam</span> <span class='ocrx_word' id='word_1_258' title='bbox 799 3483 849 3546; x_wconf 82' lang='lat' dir='ltr'>rstr</span> <span class='ocrx_word' id='word_1_259' title='bbox 862 3483 963 3546; x_wconf 82' lang='lat' dir='ltr'>nostri</span> <span class='ocrx_word' id='word_1_260' title='bbox 978 3483 1054 3545; x_wconf 83' lang='grc' dir='ltr'>αδι-</span> <span class='ocrx_word' id='word_1_261' title='bbox 1121 3469 1162 3512; x_wconf 64' lang='lat'>¹²</span> 
     </span>
     <span class='ocr_line' id='line_1_34' title="bbox 117 3580 1186 3669; baseline -0.001 -24"><span class='ocrx_word' id='word_1_262' title='bbox 117 3604 278 3664; x_wconf 77' lang='grc' dir='ltr'>·καιαρχοι</span> <span class='ocrx_word' id='word_1_263' title='bbox 301 3581 429 3668; x_wconf 82' lang='lat' dir='ltr'>(Cacsar</span> <span class='ocrx_word' id='word_1_264' title='bbox 449 3601 478 3643; x_wconf 88' lang='lat' dir='ltr'>et</span> <span class='ocrx_word' id='word_1_265' title='bbox 500 3585 634 3669; x_wconf 84' lang='lat' dir='ltr'>reliqui).</span> <span class='ocrx_word' id='word_1_266' title='bbox 654 3618 695 3632; x_wconf 89' lang='lat'>-</span> <span class='ocrx_word' id='word_1_267' title='bbox 717 3583 815 3645; x_wconf 85' lang='lat' dir='ltr'>Nunc</span> <span class='ocrx_word' id='word_1_268' title='bbox 835 3580 963 3663; x_wconf 79' lang='lat' dir='ltr'>prorsus</span> <span class='ocrx_word' id='word_1_269' title='bbox 992 3586 1055 3648; x_wconf 89' lang='lat' dir='ltr'>hoc</span> <span class='ocrx_word' id='word_1_270' title='bbox 1068 3581 1186 3644; x_wconf 70' lang='lat' dir='ltr'>iuro.</span> 
     </span>
     <span class='ocr_line' id='line_1_35' title="bbox 120 3677 1055 3764; baseline 0.002 -21"><span class='ocrx_word' id='word_1_271' title='bbox 120 3681 233 3764; x_wconf 84' lang='lat' dir='ltr'>¹statui,</span> <span class='ocrx_word' id='word_1_272' title='bbox 259 3695 298 3743; x_wconf 92' lang='lat' dir='ltr'>ut</span> <span class='ocrx_word' id='word_1_273' title='bbox 317 3683 474 3763; x_wconf 89' lang='lat' dir='ltr'>quoniam</span> <span class='ocrx_word' id='word_1_274' title='bbox 494 3696 582 3743; x_wconf 84' lang='lat' dir='ltr'>tanta</span> <span class='ocrx_word' id='word_1_275' title='bbox 603 3681 815 3743; x_wconf 73' lang='lat' dir='ltr'>controversia</span> <span class='ocrx_word' id='word_1_276' title='bbox 842 3677 886 3741; x_wconf 83' lang='lat' dir='ltr'>est</span> <span class='ocrx_word' id='word_1_277' title='bbox 905 3681 1055 3745; x_wconf 89' lang='lat' dir='ltr'>Dicaear-</span> 
     </span>
     <span class='ocr_line' id='line_1_36' title="bbox 31 3776 1059 3864; baseline 0.004 -24"><span class='ocrx_word' id='word_1_278' title='bbox 31 3855 33 3861; x_wconf 14' lang='grc' dir='ltr'><em>Α</em></span> <span class='ocrx_word' id='word_1_279' title='bbox 118 3780 204 3860; x_wconf 81' lang='lat' dir='ltr'>cho,</span> <span class='ocrx_word' id='word_1_280' title='bbox 226 3780 379 3841; x_wconf 68' lang='lat' dir='ltr'>Familiari</span> <span class='ocrx_word' id='word_1_281' title='bbox 396 3792 473 3855; x_wconf 90' lang='lat' dir='ltr'>tuo,</span> <span class='ocrx_word' id='word_1_282' title='bbox 494 3778 576 3856; x_wconf 81' lang='lat' dir='ltr'>cnm</span> <span class='ocrx_word' id='word_1_283' title='bbox 590 3776 828 3862; x_wconf 79' lang='lat' dir='ltr'>Theophrasto,</span> <span class='ocrx_word' id='word_1_284' title='bbox 840 3781 947 3864; x_wconf 84' lang='lat' dir='ltr'>amico</span> <span class='ocrx_word' id='word_1_285' title='bbox 964 3801 1059 3860; x_wconf 79' lang='lat' dir='ltr'>meo,</span> 
     </span>
     <span class='ocr_line' id='line_1_37' title="bbox 120 3867 1116 3970; baseline 0.004 -32"><span class='ocrx_word' id='word_1_286' title='bbox 120 3889 162 3938; x_wconf 88' lang='lat' dir='ltr'>ut</span> <span class='ocrx_word' id='word_1_287' title='bbox 185 3877 348 3954; x_wconf 72' lang='lat' dir='ltr'>illatoris</span> <span class='ocrx_word' id='word_1_288' title='bbox 376 3893 432 3952; x_wconf 67' lang='lat' dir='ltr'>roa</span> <span class='ocrx_word' id='word_1_289' title='bbox 462 3867 642 3957; x_wconf 74' lang='grc' dir='ltr'>πράκτικον</span> <span class='ocrx_word' id='word_1_290' title='bbox 671 3879 747 3958; x_wconf 68' lang='lat' dir='ltr'>pror</span> <span class='ocrx_word' id='word_1_291' title='bbox 773 3875 870 3962; x_wconf 81' lang='lat' dir='ltr'>longe</span> <span class='ocrx_word' id='word_1_292' title='bbox 896 3867 1078 3970; x_wconf 75' lang='lat' dir='ltr'>omnibus¹</span> <span class='ocrx_word' id='word_1_293' title='bbox 1111 3873 1116 3883; x_wconf 85' lang='grc'>’</span> 
     </span>
    </p>

    <p class='ocr_par' dir='ltr' id='par_1_20' title="bbox 609 3975 1055 4070">
     <span class='ocr_line' id='line_1_38' title="bbox 609 3975 1055 4070; baseline 0.007 -28"><span class='ocrx_word' id='word_1_294' title='bbox 609 3975 678 4055; x_wconf 69' lang='grc' dir='ltr'>Ρό</span> <span class='ocrx_word' id='word_1_295' title='bbox 692 4050 706 4070; x_wconf 37' lang='grc' dir='ltr'><em>θ</em></span> <span class='ocrx_word' id='word_1_296' title='bbox 757 4049 760 4058; x_wconf 35' lang='lat'><strong>¹</strong></span> <span class='ocrx_word' id='word_1_297' title='bbox 928 4017 934 4040; x_wconf 74' lang='grc' dir='ltr'>ι</span> <span class='ocrx_word' id='word_1_298' title='bbox 965 3990 1055 4047; x_wconf 55' lang='lat' dir='ltr'>mle!</span> 
     </span>
    </p>
   </div>
   <div class='ocr_carea' id='block_1_7' title="bbox 0 0 1379 4550">
    <p class='ocr_par' dir='ltr' id='par_1_21' title="bbox 0 0 1379 4550">
     <span class='ocr_line' id='line_1_39' title="bbox 0 0 1379 4550; baseline 0 0"><span class='ocrx_word' id='word_1_299' title='bbox 0 0 1379 4550; x_wconf 95' lang='lat' dir='ltr'> </span> 
     </span>
    </p>
   </div>
  </div>
 </body>
</html>
