2717 4550
542 425 797 486 ,-3ρ-

188 592 254 661 σιν,
276 575 375 663 -ύμεῖς
401 577 435 645 δὲ
464 580 496 645 οῖ
525 574 623 645 οὐδὲν
649 568 776 654 είδύτες
792 573 945 656 δικάζετε,
975 577 1080 644 καίτοι
1106 578 1185 643 ποία

186 709 236 764 τις
253 682 299 753 άν
323 686 395 770 δίκη
416 664 582 750 Ιδικαστιάν
604 681 649 771 μή
674 678 808 751 εἰδύτων
832 680 975 767 γένοιτο,
1005 683 1060 749 καί
1080 686 1182 749 ταῦτα

187 789 245 858 διά
270 789 392 877 λάχωνς
435 788 473 857 τύ
497 787 687 876 δὲπρᾶγμα
710 788 830 874 ἐγένετο
854 788 954 879 έρχφ.
978 785 1016 855 τὸ
1039 788 1099 874 μὲν
1120 778 1183 855 οὖν·

187 902 278 982 σῶμα
299 900 358 964 τοῦ
378 893 543 983 Ἀχιλλέως
568 890 703 981 ἐκάμισα
729 892 792 980 ἐγώ
824 892 949 982 φέρων,
972 891 1013 961 τά
1036 893 1071 961 δέ
1097 892 1181 961 ὅπλα

186 1001 257 1084 ὅδε,
291 999 500 1088 ἐπιστάμενος
530 1000 580 1069 ὅτι
606 997 648 1069 ού
684 1004 751 1068 τῶν
777 999 887 1068 ὅπλων
912 1005 1037 1085 μᾶλλον
1064 992 1181 1068 ἐπεθύ-

185 1132 271 1194 μονν
297 1111 333 1175 οί
355 1113 461 1195 Τρῶες
492 1103 604 1194 ἀλλ’ἢ
625 1111 686 1174 τοῦ
707 1112 826 1194 νεκροῦ
851 1112 1024 1194 κρατῆσαι.
1047 1105 1181 1192 τοῦμὲν

184 1212 247 1302 γάρ
269 1217 297 1282 εί
326 1211 524 1301 ἐκράτησαν,
562 1209 715 1302 ήκίσαντό
741 1236 776 1280 τε
808 1209 851 1279 ἀν
873 1210 912 1279 τὸ
945 1217 1038 1298 σῶμα
1062 1213 1118 1280 καὶ
1140 1211 1189 1281 τά,

186 1317 288 1407 λύτρα
310 1325 370 1387 τοῦ
383 1318 539 1406 Ἕκτορος
564 1319 770 1405 ἐκομίσαντο·
793 1315 834 1385 τά
855 1317 891 1385 δέ
914 1316 998 1385 ὅπλα
1019 1314 1095 1387 τάδε
1119 1315 1181 1386 ούκ

187 1422 229 1492 ἀν
262 1422 422 1492 ἀνέθεσαν
451 1433 518 1502 τοῖς
548 1433 656 1508 θεοῖς,
692 1421 758 1491 ἀλλ’
794 1421 1000 1510 ἀπέκρυψαν,
1030 1420 1179 1503 ’δεδιότες

185 1528 279 1598 τάνδε
309 1529 368 1598 τὸν
390 1527 521 1617 ἀγαθὸν
548 1529 667 1615 ἀνδρα,
691 1529 730 1609 ὃς
750 1531 806 1596 καὶ
830 1526 988 1617 πρότερον
1016 1524 1178 1619 ίεροσνλή-

181 1626 245 1716 σας
267 1634 378 1715 αύτοῖς
393 1642 413 1721 1)
437 1635 476 1721 τδ
505 1634 634 1723 άχαλμα
662 1641 719 1722 τῆς
747 1641 830 1703 θεοῦ
860 1634 987 1725 νύκτωρ
1015 1636 1121 1723 ὥσπερ
1148 1640 1187 1705 τι

185 1740 287 1810 καλὸν
324 1739 539 1830 ἐργασάμενος
573 1744 774 1810 ἐπεδείκνυτο
807 1751 875 1820 τοῖς
899 1739 1055 1830 Ἀχαιοῖς.
1089 1739 1179 1828 κάνύ

185 1847 245 1934 μέν
271 1845 352 1928 ἀξιῶ
373 1853 484 1935 λαβεῖν
510 1844 551 1915 ἵν’
574 1844 687 1917 ἀποδῶ
712 1847 753 1916 τά
776 1846 860 1915 ὅπλα
881 1857 950 1928 τοῖς
973 1851 1096 1935 φίλοιςς
1123 1839 1178 1917 ού-

185 1979 240 2032 τος
261 1954 296 2022 δέ
315 1951 355 2021 ἵν’
382 1951 565 2036 ἀποδῶται,
589 1954 657 2025 ἐπεὶ
682 1960 824 2042 χρῆσθαί
851 1981 887 2040 γε
911 1953 1024 2033 αύτοῖς
1048 1952 1110 2023 ούκ
1135 1954 1178 2023 ἀν

185 2057 365 2149 τολμήσειε·
404 2058 509 2138 δειλὸς
548 2058 611 2148 γάρ
647 2058 755 2139 οὐδεὶς
791 2059 834 2129 ἀν
871 2058 1037 2147 ἐπισήμοις
1067 2060 1178 2140 ὅπλοις

185 2164 354 2253 χρήσαιτο,
378 2164 470 2244 εἰδώς
486 2164 537 2232 ὅτι
546 2164 607 2253 τήν
618 2169 740 2234 δειλίαν
754 2163 858 2234 αύτού
869 2166 1012 2253 ἐκφαίνει
1032 2164 1073 2234 τά
1084 2165 1175 2235 ὅπλα.

253 2269 380 2359 Σχεδὸν
410 2270 469 2358 μέν
497 2264 558 2339 αύν
576 2272 669 2339 έστίν
695 2271 823 2342 ἅπαντα
852 2271 962 2360 ὅμοια.
995 2277 1031 2340 οἵ
1057 2296 1091 2340 τε
1113 2272 1176 2362 γάρ

185 2377 353 2457 διαθέντες
377 2375 436 2445 τὸν
459 2375 569 2463 άχιῖνα
589 2383 730 2466 βασιλεῖς
751 2377 878 2456 έκάντες
901 2375 986 2446 εἶναι
1010 2380 1083 2464 περὶ
1104 2377 1177 2467 ἀρε-

182 2490 239 2570 τῆς
273 2486 396 2569 κρίνειν
434 2483 611 2571 ἐπέτρεψαν
641 2485 763 2567 ἀλλοις,
800 2490 837 2553 οῖ’
869 2510 904 2552 τε
935 2482 1032 2553 οὐδέν
1057 2484 1176 2566 είδύτες

182 2587 325 2660 δικάσειν
338 2586 546 2676 ὑπισχνεῖσθε
568 2592 641 2676 περὶ
653 2583 701 2659 ὧν
718 2589 780 2659 ούκ
804 2596 885 2659 ίστε.
909 2590 971 2679 ἐμοὶ
991 2591 1027 2660 δέ
1050 2592 1173 2660 ἐπίστα-

68 2734 76 2748 ·
181 2722 241 2782 μαι
265 2702 378 2777 τούτο,
401 2695 451 2764 ὅτι
492 2693 597 2774 οὐδεὶς
631 2694 673 2765 ἀν
705 2696 855 2783 βασιλεὺς
882 2695 992 2776 ῖκανδς
1017 2696 1065 2765 ἀν
1101 2701 1175 2787 περὶ

182 2799 297 2889 ἀρετής
325 2805 447 2890 κρίνειν
476 2802 672 2889 ἐπιτρέψειεν
700 2802 810 2881 ἀλλοις
834 2808 957 2889 μᾶλλον
986 2803 1067 2890 ήπερ
1097 2803 1173 2890 ἀγα-

182 2904 245 2986 θὸς
268 2905 378 2992 ίατρδς
407 2911 583 2992 διαγνῶναι
601 2906 769 2995 νοσήματα
791 2908 877 3000 ἀλλφ
899 2912 1022 2996 παρείη.

249 3015 368 3079 Kame
389 3005 513 3099 μένήν
540 3038 597 3100 μοι
632 3013 808 3103 διαφοράῖ)
846 3013 929 3103 πρὸς
954 3014 1059 3103 ἀνδρα
1084 3012 1172 3102 ὁμοι-

181 3117 340 3207 ύτροπον,
364 3116 437 3186 οὐδ’
462 3117 504 3186 ἀν
532 3116 692 3205 ήττάσθαί
716 3145 772 3205 μοι
801 3119 942 3209 διέφερε·
973 3127 1036 3190 νύν
1060 3120 1088 3190 δ’
1112 3121 1173 3190 ούκ

135 3259 141 3268 ·
182 3226 268 3293 έστιν
292 3223 312 3295 ὃ
337 3224 484 3313 διαφέρει
503 3224 601 3292 πλέον
625 3225 705 3311 ἐμοῦ
741 3228 796 3294 καί
827 3230 943 3296 τοῦδε.
978 3224 1079 3312 ὁμέν
1108 3227 1172 3316 γάρ

181 3329 241 3399 ούκ
267 3331 353 3399 έστιν
373 3331 437 3399 ὅτι
452 3329 494 3398 άν
521 3329 647 3418 δράσειε
670 3325 838 3418 φανερῶς,
862 3332 924 3419 ἐγώ
946 3333 981 3402 δέ
1003 3332 1101 3401 οὐδὲν
1130 3334 1172 3403 ἀν

181 3436 289 3528 λάθρᾳ
325 3436 517 3524 τολμήσαιμι
552 3441 687 3524 πράξαι.
719 3436 814 3525 κάγώ,
839 3439 899 3526 μὲν
931 3438 992 3507 ούκ
1025 3439 1068 3508 ἀν
1094 3440 1172 3510 άνα-

180 3547 315 3630 σχοίμήν
347 3547 453 3624 κακῶς
491 3541 636 3626 ἀκούων,
676 3544 753 3612 οὐδὲ
786 3544 849 3633 γάρ
883 3552 988 3624 κακῶς
1022 3545 1170 3635 πάσχων,

233 3793 253 3858 ¹)
291 3788 388 3854 αύτοῖς
405 3795 541 3847 Reiskius.
566 3797 652 3861 Vulgo
671 3765 757 3863 αὐτῆς
770 3836 778 3863 ,
792 3800 932 3850 Bekkerus
952 3794 1072 3858 αύτώνε
1084 3801 1171 3850 libris.

232 3879 252 3944 ²)
289 3880 413 3949 διαφορά
431 3885 533 3935 inserui
553 3899 568 3936 ε
586 3898 645 3937 met
658 3888 823 3938 coniectura.
833 3880 968 3951 (Quidnid
984 3882 1070 3953 άχοέντ
1082 3890 1173 3944 Bm.)
