2717 4550
558 389 775 450 ..47-

163 547 230 612 καί
256 547 351 611 ίσον
378 547 428 634 τῷ
445 540 578 634 πόνῳ.
603 544 732 623 Atrian.
760 543 844 611 Βίου.
867 543 970 632 Epiet.
986 545 1019 610 l.
1043 550 1096 612 24.
1124 546 1165 611 de

163 652 326 739 Diogene:
358 648 441 736 λέγει
468 647 517 717 ὅτι
540 645 690 730 ἀδοξία
707 646 829 736 ’ψόφος
862 650 931 717 ἐστὶ.
955 649 1161 735 μαινομένων

111 808 113 811 ·
166 753 362 845 ἀνθρώπων.
408 755 504 842 Diog.
520 755 625 823 Laert.
648 754 703 822 vl.
731 762 784 822 72.
803 755 845 822 ib.
869 763 922 823 83.
946 758 986 823 de
1005 755 1163 824 Monimo.

163 864 206 931 ib.
230 870 282 931 93.
306 864 345 930 δε
369 861 506 929 Cratete.
546 949 548 955 y
600 890 602 895 ⁴

558 1124 561 1130 Ι
633 1029 686 1093 Ν.

236 1180 284 1246 lb.
301 1170 489 1265 αὐτάρκη
513 1201 546 1245 τε
573 1174 657 1245 είναι
682 1175 755 1244 τὸν
787 1175 928 1264 σοφόν.
952 1175 1080 1246 πάντα
1102 1176 1166 1266 γάρ
1277 1186 1282 1192 ’

165 1282 297 1353 αὐτοῦ
327 1281 439 1353 εἶναι
469 1281 518 1352 νδ
545 1287 625 1351 τῶν
663 1281 804 1351 ἀλλων.
850 1284 946 1372 Diog.
972 1284 1078 1352 Laert.
1100 1284 1159 1353 vl.

165 1400 218 1490 723
244 1393 284 1458 de
307 1384 468 1478 Diogene:
491 1386 598 1459 πάντα
620 1394 687 1456 τῶν
709 1394 823 1476 σοφῶν
858 1385 941 1457 εἶναι
974 1389 1077 1476 λέγων
1107 1392 1163 1458 καὶ

164 1495 334 1574 τοιούτους
370 1493 488 1581 λόγους
527 1486 655 1583 Ιἐρατῶν
689 1498 781 1573 οῖους
798 1493 897 1562 ἀνα
916 1493 1162 1583 προειρήκαμεν·

164 1600 271 1670 πάντα
294 1607 359 1670 τῶν
381 1605 469 1669 θεῶν
492 1600 572 1668 ἐστι·
595 1599 686 1687 φίλοι
708 1599 744 1668 δέ
765 1609 834 1679 τοῖς
862 1611 978 1688 σοφοῖς
1005 1606 1038 1669 οῖ
1072 1606 1164 1670 θεοί·

165 1706 259 1777 κοννά
279 1707 326 1776 ’δέ
347 1706 388 1775 τά
412 1712 478 1776 τῶν
498 1709 617 1794 φίλαν·
641 1703 748 1774 πάντα
769 1703 834 1795 ἀρα
858 1712 924 1775 τῶν
951 1712 1073 1794 σοφῶν.

618 1874 680 1940 ‘V.

232 2027 277 2094 lb.
305 2035 355 2093 12.
385 2024 674 2113 ἀναφαίρετον
698 2025 821 2092 ὅπλου
844 2022 985 2111 ἀρετή.
1013 2033 1063 2092 13.
1087 2034 1163 2092 τεῖ-

163 2157 233 2218 χος
251 2129 565 2233 ἀσφαλέστατον
588 2128 802 2219 φρόνησιν.
825 2129 903 2217 μέτε
917 2128 979 2218 γάρ
992 2132 1164 2219 καταρρεῖν

166 2236 245 2325 μήτε
263 2227 492 2334 προδίδοσθαι.
516 2240 601 2324 τείχη
616 2236 893 2305 κατασκευαστέον
908 2237 944 2305 έν
965 2245 1034 2316 τοῖς
1054 2233 1164 2305 αὐτῶν

165 2341 343 2423 ἀναλώτοις
361 2350 534 2430 λογισμοῖς.
580 2344 616 2411 V.
636 2344 803 2434 Wyttenb.
836 2346 876 2412 ad
899 2344 985 2412 Plut.
1012 2346 1052 2412 de
1068 2346 1158 2413 educ.

164 2474 256 2540 puer.
275 2473 306 2539 p.
331 2458 360 2519 5.
386 2452 421 2517 E

640 2621 693 2685 Vl.

231 2768 327 2856 Diog.
366 2768 470 2836 Laert.
510 2768 563 2835 Vl.
608 2779 656 2837 Η.
691 2768 825 2856 ἤρεσκεν
849 2764 938 2858 αὐτῷ
975 2770 1030 2834 καὶ
1064 2765 1161 2835 τάδε.

164 2873 350 2942 ἀπεδείκνυε
374 2871 454 2952 τούς
476 2871 598 2954 αὐτοὺς
620 2872 760 2960 εὐγενεῖς
787 2872 868 2953 τούς
890 2875 944 2941 καὶ
973 2872 1158 2961 ἐναρέτους.

144 2977 309 3071 αὐτάρκη
345 2978 409 3066 γάρ
442 2978 503 3067 τὴν
542 2977 661 3068 ἀρετὴν
700 2975 898 3069 εἶναιπρὸς
931 2978 1158 3065 εὐδαιμονίαν,

163 3083 302 3173 μηδενὸς
320 3085 560 3174 προσδεομένην
583 3085 633 3153 ὅτι
655 3085 699 3174 μὴ
728 3092 936 3174 Σωκρατικῆς
959 3083 1085 3175 ίσχύος·
1101 3084 1163 3173 τήν

124 3230 126 3235 v
163 3218 196 3261 τε
231 3189 367 3279 ἀρετὴν·
383 3197 449 3259 τῶν
484 3191 586 3280 ἔργων
620 3190 720 3275 εἶναι,
754 3191 833 3280 μήτε
866 3190 973 3323 λέγφν
1006 3195 1163 3260 πλείστων

140 3298 318 3386 ,δεομένην
346 3296 423 3386 μήτε
454 3296 730 3385 μαθημάτων-
756 3341 797 3351 -
823 3300 878 3367 καί
904 3297 964 3366 τδν
989 3298 1095 3386 σοφδυ
1120 3297 1161 3367 οὐ

83 3437 87 3443 ·
163 3404 245 3476 κατὰ
266 3403 345 3484 τούς
377 3404 545 3516 κειμένους
569 3402 700 3491 νόμους
716 3383 946 3474 πολιτεύεσθαι
966 3402 1047 3472 ἀλλά
1079 3403 1161 3475 κατά

162 3511 222 3579 τὸν
242 3538 299 3599 της
321 3509 442 3599 ἀρετης.
473 3554 507 3562 -
536 3553 576 3563 -
602 3509 836 3600 ἀναγράφειδ
871 3508 975 3578 αὐτοῦ
997 3513 1051 3579 καὶ
1082 3515 1170 3579 Διο-’

163 3623 240 3749 κλης
266 3621 373 3685 ταυτί.
414 3658 452 3670 -
480 3659 521 3670 -
543 3616 689 3707 κρεῖττόν
705 3619 772 3686 ἐστι
792 3615 859 3705 μετ’
883 3614 1001 3703 ὀλίγων
1023 3615 1161 3704 ἀγαθῶν

163 3723 245 3813 πρὸς
264 3724 409 3803 ἅπαντας
429 3723 508 3803 τούς
522 3723 683 3812 κακούςη
705 3723 783 3811 μετὰ
798 3729 927 3792 πολλῶν
949 3730 1058 3793 κακῶν
1078 3723 1161 3813 πρὸς

165 3829 292 3917 ὀλίγους
310 3827 458 3917 ἀγαθούς
472 3828 641 3917 μάχεσθαι·
657 3831 824 3919 προσέχειν
838 3841 906 3911 τοῖς
921 3832 1059 3919 ἐχθροῖς·
1076 3836 1159 3916 πρῶ-
