2717 4550
585 476 622 482 „-
674 439 801 498 10..

195 591 339 676 ῥόπαλον
361 592 560 677 ίπιφέροιτο,
593 591 632 658 δν
659 591 695 658 δὲ
718 589 831 674 ἀγνοεῖ
836 644 844 671 ,
871 590 993 676 ἐχδρον
1017 591 1071 656 καὶ
1091 594 1118 656 εί
1141 590 1195 657 δέ·

197 706 272 785 λεαρ
296 695 528 784 ἐπιφερόμενος
547 702 612 784 εἴη.
638 696 744 774 οὕτως
764 688 825 762 οὖν
844 697 899 762 καὶ
918 686 1010 762 οὗτοι
1031 695 1109 774 τοὺς
1131 696 1194 781 μὲν

68 862 76 878 ,
140 843 142 852 v
195 806 392 890 ἐπιτηδείους
424 803 507 905 πρὸς
529 806 729 890 φιλοσοφίαν
752 805 868 888 φίλους
884 800 1034 886 ἐνόμιζον
1055 804 1109 868 καὶ
1139 801 1192 869 εύ-

197 919 301 996 μενεῑς
325 908 486 995 ἐδέχοντο,
514 908 593 987 τοδς
612 908 647 976 δὲ
665 907 906 994 ἀνεπιτηδείους
936 905 1125 994 ἀπήλαυνον
1144 912 1195 975 δί-

194 1042 255 1103 κην
276 1021 384 1085 κυνῶν
410 1013 478 1082 κατ’
503 1013 612 1083 αὐτῶν
639 1011 868 1092 ὑλακτοῦντες.
899 1012 951 1081 διδ
973 1016 1029 1081 καί
1052 1012 1193 1081 Πλάτων

88 1148 93 1157 ’
195 1122 231 1189 ἐν
260 1125 381 1211 Γοργίᾳ
403 1123 504 1208 φησίν
535 1119 585 1187 ὅτι
620 1121 683 1206 ἔχει
712 1119 786 1187 τινά
809 1123 930 1207 σοφίαν
963 1117 981 1186 ὁ
1007 1118 1099 1187 κάων
1121 1124 1193 1188 δια-

197 1231 317 1315 κρίνειν
340 1231 437 1315 φίλον
460 1225 525 1295 άπδ
553 1227 694 1312 ἐχθροῦ.
718 1228 772 1293 καί
794 1225 831 1294 τό
864 1229 1039 1312 διακρίνειν
1062 1226 1096 1294 δὲ
1114 1224 1188 1312 ἀλή-

194 1344 290 1402 θειαν
319 1335 374 1400 καὶ
407 1336 528 1412 ψεῦδος
558 1329 664 1418 μάνου
704 1330 907 1419 φιλοσόφου.
946 1331 1049 1410 οὕτως
1080 1335 1134 1399 καὶ
1167 1329 1186 1399 ὁ

194 1441 335 1527 πέμπτος
355 1437 485 1527 τρόπος.
530 1441 727 1527 Philoponus
749 1440 792 1506 ib.
816 1461 847 1526 p.
872 1445 924 1506 35.
949 1437 1056 1525 ὥσπερ
1072 1442 1106 1517 ολ
1120 1443 1187 1505 Κυ-

192 1548 278 1613 νικοὶ
307 1544 485 1633 φιλόσοφοι
511 1548 627 1622 οἵτινες
648 1543 744 1623 κύνες
764 1542 968 1630 ὠνομάζοντο
983 1542 1039 1611 διὰ
1054 1542 1091 1611 τὸ
1106 1568 1191 1630 παρ-

193 1650 399 1739 ρησιαστικόν
413 1677 446 1719 τε
468 1652 523 1719 καί
545 1647 735 1736 ἐλεγκτικόν.
767 1648 872 1736 ὥσπερ
889 1648 951 1736 γάρ
975 1647 1103 1717 ὁκοίων
1126 1650 1189 1735 ἔχει

182 1755 230 1825 ,τδ
254 1755 451 1843 διακριτικὸν
472 1762 538 1824 τῶν
564 1759 691 1824 οἰκείων
714 1750 778 1824 άπὸ
798 1762 863 1823 τῶν
886 1755 1078 1840 ἀλλοτρίων,
1101 1755 1188 1822 οὕτω

192 1852 251 1930 καί
269 1855 361 1931 οὗτοι
382 1866 414 1930 oi
435 1860 611 1950 φιλόσοφοι
639 1863 787 1945 ἐποίουν,
809 1861 963 1940 καὶτοὺς
988 1862 1047 1948 μὲν
1074 1860 1184 1943 ἀξίους

195 1967 399 2056 φιλοσόφους
422 1969 584 2055 ἐδέχοντο,
617 1968 697 2047 τούς
723 1968 759 2035 δὲ
785 1966 938 2049 ἀναξίους
963 1974 1038 2054 τῆς.
1052 1974 1185 2054 φιλοσο-

194 2079 272 2163 φίας
297 2077 350 2143 καὶ
386 2074 430 2162 μὴ
462 2074 664 2161 δυναμάιους
690 2072 782 2152 ἐντὸς
809 2077 959 2159 γίνεσθαι
996 2071 1190 2160 φιλοσόφων

193 2180 300 2267 λόγων
335 2182 488 2249 ἐδίωκον.
528 2180 582 2275 διρὶ
612 2180 651 2248 τδ
686 2173 747 2248 οὖν
768 2177 1043 2270 παρρησιαστικὸν
1071 2181 1125 2246 καὶ
1148 2177 1188 2245 τδ

151 2363 157 2376 x
194 2292 370 2375 διακρίνειν
398 2285 520 2366 αάτοδς
544 2286 622 2366 τοάς
644 2313 677 2355 τε
706 2287 910 2373 δυναμένους
937 2288 991 2353 καὶ
1018 2285 1062 2372 μὴ
1090 2290 1188 2353 δυνα-

193 2394 311 2480 μένους
326 2394 482 2476 δέξασθαι
505 2397 703 2481 φιλοσοφίας
720 2391 854 2479 λόγους,
870 2390 990 2484 τούτου
1007 2392 1100 2462 ἕνεκα
1116 2396 1184 2459 Κυ·

193 2502 278 2567 νικοί
299 2498 521 2586 ὠνομάζοντο.
545 2499 625 2567 ὅθεν
647 2496 742 2567 καὶὸ
777 2497 946 2568 Πλάτων
980 2498 1043 2584 ἔφη
1075 2497 1186 2583 ,,ἔχει

194 2606 235 2673 δέ
256 2631 293 2673 τι
314 2607 381 2673 καὶ
405 2602 548 2673 ὁκάων
571 2602 832 2693 φιλόσοφονιι
853 2604 1006 2672 οὕτωκαὶ
1027 2607 1060 2671 οἱ
1084 2609 1185 2671 Κυνι-

193 2714 245 2780 κοὶ
268 2709 446 2799 φιλόσοφοι
467 2710 716 2790 άνυποστάλτως
744 2707 1021 2798 ἐλευθεριάζωπες
1056 2708 1185 2796 ἔκρινάν

193 2844 225 2887 τε
247 2821 301 2886 καὶ
316 2816 482 2906 διήλεγχον
495 2817 536 2886 τά
549 2844 582 2886 τε
604 2816 713 2905 ὀρθῶς
731 2819 785 2884 καὶ
804 2815 845 2884 τά
866 2814 909 2904 μὴ
932 2815 1036 2894 οὕτως
1058 2815 1184 2901 ἔχοντα.

149 2971 156 2975 »
195 2926 310 2993 Cicero
348 2927 388 2993 de
422 2937 502 2993 orat.
537 2926 598 2993 lll.
639 2933 698 3006 17,
731 2932 801 2992 δάε
825 2947 862 2991 ac
905 2925 1009 3011 primo
1042 2923 1082 2989 ab
1116 2924 1187 3010 ipso

193 3033 328 3099 Platone
350 3031 539 3098 Aristoteles
559 3042 590 3097 et
612 3030 833 3107 Xenocrates,
857 3052 996 3118 quorum
1012 3030 1098 3120 ,alter
1120 3029 1187 3095 Pe-

191 3138 431 3230 ripateticorum
454 3138 535 3204 aiter
549 3136 740 3222 Academiae
766 3159 882 3203 nomen
899 3125 1054 3210 obtinuit,
1072 3134 1187 3200 deinde

193 3245 233 3311 ab
255 3243 554 3331 Antisthene‚·qui
588 3244 822 3330 patientiam
857 3252 889 3308 et
924 3241 1110 3307 duritiam
1144 3241 1188 3305 in

194 3349 406 3422 Socratico
429 3372 612 3416 sermone
635 3350 808 3415 maxime
830 3337 1055 3421 adamaret,
1074 3344 1188 3433 Cynici

193 3457 346 3543 primum,
371 3456 483 3522 deinde
507 3454 620 3532 Stoici,
642 3467 708 3521 tum
732 3455 772 3521 ab
795 3454 961 3540 Aristippo
985 3475 1080 3539 quem
1113 3452 1186 3517 illae

127 3570 133 3580 '
194 3563 291 3646 magis
330 3563 526 3649 voluptariae
567 3562 795 3648 disputationes
833 3560 1045 3634 delectarunt,
1086 3556 1189 3644 Cyre-

193 3672 281 3733 naica
304 3668 500 3756 philosophia
525 3669 672 3733 manavit.
993 3687 997 3693 ’

261 3772 310 3839 De
334 3772 566 3839 Arrrsruerrls
590 3764 839 3861 iinaginibps
876 3774 1025 3859 exposuit
1055 3771 1185 3836 Guriitt.

194 3879 348 3944 archaeot.
373 3880 478 3962 script.
504 3902 533 3963 p.
559 3885 616 3944 251
646 3901 692 3963 sq.
