2717 4550
548 487 764 561 ÷37-

167 639 230 728 γὰρ
258 643 377 707 οίιιεῖον
409 637 484 708 τόδε
513 664 545 706 τι
576 642 776 726 σημαίνοντα
798 641 853 707 καί
874 638 919 726 μὴ,
942 639 1022 729 ὄντα
1042 638 1162 707 τούτου

168 748 240 834 περὶ
262 737 303 814 οὗ
324 745 446 832 λέγεται
480 741 581 824 είναι,
615 742 787 845 ἀλλότριόν
811 771 852 832 γε
875 743 954 814 ὄντα
977 744 1096 818 αὐτοῦ·
1129 746 1162 828 ἐξ

168 844 216 919 οἷν
236 853 291 919 καί
306 849 459 937 συνάγειν
473 850 620 938 ίαειράτο
636 850 700 919 ότι
713 849 762 938 μὴ
787 851 902 919 ἔστιν
924 849 1161 938 ἀντιλέγειν·

166 956 245 1037 τούς
267 958 327 1044 μὲν
346 956 410 1045 γάρ
434 955 659 1042 ἀντιλέγοντας
680 960 754 1045 περί
774 982 864 1035 τινος
893 955 1038 1046 διάφορα
1059 956 1162 1045 λέγειν

102 1066 105 1077 '
168 1062 324 1150 ὀφείλειν,
348 1062 391 1150 μὴ
415 1061 580 1131 δύνασθαι
602 1062 637 1131 δὲ
659 1064 732 1151 περὶ
754 1060 857 1130 αὐτοῦ
880 1062 1061 1153 διαφόρους
1082 1062 1162 1143 τούς
1226 1146 1229 1150 ᾗ

168 1168 286 1256 λόγους
317 1168 476 1258 φέρεσθαι
505 1173 550 1259 τῷ
589 1167 647 1236 ἕνα
677 1167 738 1237 τόν
760 1172 880 1238 οίαεῑον
902 1168 1039 1238 ἑκάστου
1061 1168 1160 1239 εἶναι·

167 1275 225 1343 ἕνα
246 1273 309 1361 γάρ
333 1273 407 1353 ἑνός
429 1272 513 1342 εἶναι
534 1278 588 1343 καὶ
608 1273 669 1342 τόν
691 1274 826 1362 λέγοντα
847 1277 920 1365 περὶ
934 1275 1037 1344 αὐτοῦ
1057 1276 1162 1363 λέγειν

166 1379 285 1467 μόνον,
320 1380 400 1449 ὥστε
434 1384 462 1448 εί
494 1378 553 1466 μέν
585 1381 658 1469 περὶ
685 1387 745 1450 τοῦ
767 1379 954 1475 πράγματος
974 1388 1035 1449 τοῦ
1057 1381 1162 1451 αὐτοῦ

154 1487 306 1572 -λέγοιεν,
329 1485 370 1553 τά
394 1483 477 1554 αάτά
500 1484 542 1554 ἀν
564 1485 687 1571 λέγοιεν
709 1485 859 1574 ἀλλήλοις
882 1485 938 1576 (είς
960 1486 1023 1576 γὰρ
1046 1484 1065 1556 ό
1087 1490 1162 1578 περί

168 1592 241 1672 ἑνός
275 1592 400 1680 λόγος),
432 1592 577 1678 λέγοντες
608 1592 643 1661 δὲ
672 1591 776 1660 ταάτά
798 1590 860 1661 οάα
893 1591 935 1661 ἀν
965 1591 1161 1680 ἀντιλέγοιεν

167 1697 332 1787 ἀλλήλοις.
357 1703 384 1767 εί
406 1698 441 1766 δὲ
464 1698 662 1787 διαφέροντα
683 1697 821 1784 λέγοιεν,
852 1698 958 1767 οὐκέτι
979 1699 1081 1796 λέξειν
1103 1698 1160 1770 αό-

165 1804 244 1886 τοάς
277 1807 367 1893 περὶ,
382 1804 485 1873 αὐτοῦ
516 1812 561 1897 τῷ
599 1803 684 1873 εἶναι
714 1805 772 1874 ἕνα
803 1804 862 1874 τόν
890 1804 989 1892 λόγον
1010 1805 1068 1875 τόν
1089 1810 1162 1897 περὶ

167 1910 270 1980 αὐτοῦ
298 1917 358 1979 τοῦ
385 1900 586 1999 πράγματος,
609 1909 689 1990 τούς
711 1911 747 1978 δέ
770 1909 996 2000 ἀντιλέγοντας
1018 1911 1161 2001 ὀφείλειν

166 2002 239 2104 πεζοί
260 2025 319 2087 τοῦ
342 2017 445 2087 αὐτοῦ
467 2018 572 2103 λέγειν
593 2020 647 2085 καὶ
665 2017 774 2096 ὀὕτως
802 2024 920 2105 συνῆγε
945 2017 984 2085 τό
1008 2018 1051 2105 μὴ
1076 2017 1161 2088 εἶναι

137 2188 139 2191 ,
166 2123 356 2211 ἀντιλέγειν.
381 2123 496 2211 σχεδόν
517 2123 552 2191 δέ
574 2123 674 2211 μηδὲ
702 2120 934 2205 ψεύδεσθαι
956 2122 1011 2193 διά
1041 2124 1079 2192 τό
1114 2125 1158 2213 μὴ

167 2227 239 2300 οἷόν
260 2255 293 2298 τε
316 2227 400 2298 εἶναι
421 2231 495 2318 περί
515 2255 604 2309 τινος
626 2229 726 2299 ἀλλον
757 2228 843 2318 πλὴν
864 2228 922 2299 τόν
943 2228 1030 2300 ἴδιόν
1050 2255 1084 2300 τε
1105 2234 1160 2301 καί

55 2423 58 2432 ⁴
165 2340 287 2405 οἰκεῖον
309 2340 409 2405 εἰπεῖν
431 2335 530 2422 λόγον
546 2338 576 2422 ¹).
722 2333 727 2345 ’

593 2507 704 2571 ‘'11.

232 2652 326 2742 Diog.
356 2653 461 2722 Laert.
496 2653 552 2722 Vl.
585 2661 616 2723 3.
642 2652 777 2742 Πρῶτός
798 2679 831 2722 τε
854 2652 993 2744 ὡρίσατο
1016 2654 1155 2742 λόγον,

166 2754 280 2843 εἰπεὶν,
303 2757 421 2846 λόγος
444 2761 555 2828 ἐστὶν
577 2756 596 2828 ό
617 2757 660 2827 τό
683 2763 720 2828 τί
741 2753 801 2846 ἦν,
824 2760 847 2848 ἤ
869 2761 970 2844 ἐστι,
995 2765 1133 2846 δηλῶν.

609 2931 621 2954 *
652 2929 710 2994 ΙΙΙ.

166 3143 168 3146 ,
235 3077 425 3145 Aristoteles
459 3076 635 3166 Metaphys.
673 3082 722 3158 H,
755 3082 785 3143 3.
821 3100 852 3165 p.
895 3084 989 3145 1043.
1025 3077 1104 3146 ὥστε
1136 3077 1157 3167 ἡ

168 3178 288 3268 ἀπορία
315 3180 358 3267 ἢν
381 3184 414 3248 οἱ
424 3181 724 3250 ,Ἀντισθένειοι
750 3179 805 3249 καί
827 3184 860 3248 οἷ
880 3182 984 3263 οὕτως
1006 3182 1156 3254 ἀπαίδευ-

220 3412 241 3476 1)
278 3415 383 3465 florum
407 3409 468 3465 oum
496 3417 613 3466 maxima
641 3416 791 3466 similitudo
819 3418 855 3467 sit
880 3431 943 3467 oum
968 3418 1015 3481 iis,
1045 3432 1115 3483 queo
1141 3434 1156 3469 ο

167 3502 280 3553 Platone
298 3503 326 3552 in
344 3502 505 3568 Enthygiem.
523 3519 550 3568 p.
569 3505 631 3555 285.
649 3504 712 3555 286.
735 3504 912 3564 refelluntur,
930 3519 1004 3556 nuno
1022 3506 1158 3558 Schleier·

167 3591 295 3640 meohero
308 3586 450 3641 Platonem
463 3592 491 3641 in
504 3592 714 3657 Euthydemo
726 3593 916 3644 Antisthenen]
926 3595 1099 3658 potissimum
1110 3610 1157 3647 vo·

167 3679 251 3728 luisse
278 3679 380 3728 erroris
407 3680 570 3730 convincere
596 3682 706 3744 opinato
734 3682 877 3732 assentior.
907 3682 974 3733 Vide
1002 3684 1104 3748 proleg.
1130 3698 1156 3747 p.

167 3766 255 3818 XXX.
283 3780 323 3830 sq.
366 3766 408 3816 De
430 3767 598 3819 Antisthenis
625 3770 768 3820 dieleotiee
799 3770 909 3823 videndi
941 3772 1062 3822 Ritterus
1094 3773 1157 3823 hiet

167 3854 265 3919 philos.
283 3854 344 3905 Vol.
362 3854 396 3905 11.
414 3869 440 3918 p.
460 3856 511 3908 123
529 3885 553 3897 -
572 3857 626 3909 126
643 3863 671 3908 et
690 3857 718 3909 C.
745 3860 789 3911 Fr.
813 3861 960 3911 Hermann.
985 3861 1158 3933 incensore

167 3944 247 3994 huius
265 3942 330 3994 libri
349 3957 376 4007 p.
396 3942 439 3994 29·
459 3957 498 4008 sq.
