2717 4550
579 418 796 479 ..40-

197 568 216 641 ό
250 571 286 640 δέ
309 568 374 638 κάν
407 568 620 659 κρεμάμενος,
656 573 687 638 τί
720 595 755 656 γε
788 572 968 655 κερδαίνειν
997 595 1029 639 τι
1062 571 1193 658 μέλλοι,

158 740 161 749 ,
196 677 284 756 ὅστις
308 702 345 764 γε
371 681 551 764 μαστιγοῦν
572 685 701 764 παρεῖχε
730 684 800 755 τοῖς
825 672 957 756 δούλοις
982 679 1037 745 καί
1060 674 1195 745 τύπτειν

196 781 305 866 ξύλοις
337 781 379 850 τά
404 788 491 851 νῶτα
517 785 571 850 καί
594 791 737 870 πυγμαῖς
765 781 803 851 τό
834 780 1025 872 πρόσωπον,
1055 781 1201 851 κάπειτα·

195 886 446 976 περιβαλόμενος
469 887 570 977 ῥάκη,
592 895 650 976 τῆς
674 886 792 967 νυκτός
824 891 870 968 είς
893 887 931 958 τό
952 898 1056 976 τεῖχος
1084 878 1195 969 είσδύς

195 984 262 1063 τῶν
291 997 471 1081 πολεμίων,
503 991 713 1083 ἱεροσυλήσας
738 992 880 1082 άπῆλδε.
910 996 965 1062 καὶ
987 1001 1090 1063 ταῦτα
1113 991 1194 1081 όμο-

191 1098 326 1188 ’λογὴσει
350 1110 475 1183 ποιεῖν,
497 1104 576 1180 ἴσως
605 1099 641 1168 δέ
667 1101 723 1168 καί
746 1104 848 1169 πείσει
878 1100 980 1187 λέγων
1011 1098 1056 1180 οός
1085 1106 1194 1180 καλοῖς
1323 1170 1327 1183 ,

97 1233 102 1239 ·
195 1206 391 1296 πέπρακται.
426 1206 534 1274 ἔπειτα
573 1212 638 1274 των
673 1202 838 1294 ’Λχιλλέως
868 1205 978 1275 ὅπλων
1004 1207 1059 1276 όδε
1088 1204 1192 1293 όμα·

198 1315 319 1400 στιγίας
338 1314 392 1380 καί
418 1310 585 1400 ἱερόσυλος
614 1309 702 1395 άξιοῖ
721 1318 894 1401 κρατήσαις
998 1368 1000 1373 s

262 1417 343 1505 ’λδγοδ
370 1418 429 1505 μὲν
466 1411 528 1487 οὖν
563 1416 643 1506 ύμῖν
667 1417 750 1506 λέγω
774 1427 844 1498 τοῖς
869 1416 966 1487 οὐδὲν
1001 1416 1102 1487 είδόσι
1123 1445 1192 1507 κρυ

195 1533 266 1604 ταῖς
291 1526 346 1593 καὶ
368 1526 547 1608 δικασταῖς,
582 1522 626 1611 μὴ
654 1527 699 1604 είς
723 1523 803 1604 τούς
823 1523 942 1612 λόγους
967 1534 1099 1595 σκοπεῖν
1119 1526 1194 1613 περὶ

197 1629 312 1718 ἀρετῆς
335 1633 522 1719 κρίνοντας,
547 1627 613 1698 ἄλλ’
645 1634 690 1710 είς
719 1629 762 1699 τά
784 1630 862 1718 ἔργα
883 1637 1020 1717 μάλλον.
1044 1631 1099 1698 καὶ
1127 1629 1193 1717 γάρ

196 1734 377 1823 όπόλεμος
399 1734 440 1804 ού
466 1732 552 1828 λόγῳ
574 1739 716 1825 κρίνεται
742 1734 809 1805 ἄλλ’
843 1738 941 1829 ἔργρν
973 1735 1043 1805 οὐδ’
1070 1735 1195 1805 άντιλέ-

195 1868 265 1930 γειν
295 1842 394 1924 έξεστι
420 1839 503 1929 πρός
525 1841 605 1920 τούς
629 1845 819 1929 πολεμίους,
844 1840 910 1911 ἀλλ’
935 1841 959 1930 ἢ
991 1843 1196 1930 μαχομένους

179 1950 326 2037 κρατεῖν
362 1946 386 2036 ἢ
419 1945 586 2017 δουλεύειν
617 1954 738 2035 σιωπῇ.
780 1948 864 2035 πρὸς
900 1955 1002 2018 ταῦτα
1045 1947 1193 2037 άδρεῖτε,

195 2055 251 2123 καί
283 2062 427 2121 σκοπεῖτε
457 2050 502 2132 οἱς
540 2056 568 2121 εί
613 2052 657 2141 μὴ
700 2051 844 2123 δικάσετε
875 2061 995 2139 καλῶς,
1029 2053 1197 2142 γνώσεσθε

197 2160 247 2235 ότι
292 2157 447 2247 οὐδεμίαν
485 2160 547 2247 ἔχει
587 2157 685 2246 λόγος
718 2158 801 2247 πρὸς
838 2161 934 2250 ἔργον
974 2159 1084 2249 ἰσχύν,
1123 2156 1196 2228 οὐδ’

198 2266 285 2337 έστιν
329 2262 414 2352 ύμάς
451 2265 471 2335 ὅ
511 2291 543 2333 τι
591 2265 693 2352 λέγων
730 2264 814 2355 άνὴρ
847 2265 1027 2355 ὠφελήσει,
1069 2270 1197 2335 εἴσεσθε

199 2373 235 2441 δέ
258 2371 477 2462 Ἰάιιριβοῖςότι
499 2370 538 2440 δι’
574 2369 715 2461 ἀπορίαν
749 2374 851 2461 ἔργων
885 2376 1000 2441 πολλοὶ
1031 2375 1086 2442 καί
1114 2397 1197 2459 μωι-

198 2481 251 2567 ροῖ
284 2475 376 2565 λόγοι
405 2477 570 2563 λέγονται.
612 2475 678 2546 ἀλλ’
721 2476 744 2566 ἢ
777 2479 881 2565 λέγετε
916 2478 967 2548 ὅτι
1003 2477 1043 2547 ού
1074 2480 1196 2560 ξυνίετε

198 2583 240 2652 τά
268 2581 440 2670 λεγόμενα,
468 2585 530 2682 ,καί
554 2581 743 2666 άνίστασδε,
777 2582 963 2672 ἢδικάζετε
993 2582 1117 2673 ὀρθῶς.
1140 2584 1198 2651 καὶ

198 2695 301 2759 ταῦτα
323 2688 367 2777 μὴ
387 2686 533 2777 κρύβδην
553 2689 681 2777 φέρετε,
705 2686 787 2758 άλλά
811 2697 976 2779 φανεροῖς,
1008 2695 1063 2759 ἵνα
1094 2696 1197 2776 γνῶτε
1280 2707 1283 2716 “

199 2796 250 2865 ότι
271 2797 325 2864 καί
352 2793 464 2873 αὐτοῖς
498 2805 567 2875 τοῖς
599 2793 766 2887 δικάζουσι
791 2796 886 2864 δοτέα
914 2800 987 2883 δίκη
1015 2798 1116 2879 ἐστίν,
1152 2793 1197 2863 άν

198 2901 243 2990 μὴ
270 2899 445 2970 δικάσωσιν
478 2899 604 2990 ὀρθῶς.
637 2899 758 2972 κᾶπειτ’
786 2906 864 2981 ἴσως
888 2901 1053 2988 γνώσεσθε
1080 2901 1130 2969 ότι
1154 2897 1196 2968 ού

199 3009 305 3093 κριταί
326 3013 392 3075 τῶν
417 3007 599 3094 λεγομένων
620 3006 702 3077 άλλά
723 3011 875 3089 δοξαστοιῖ
888 3007 1052 3096 κάθησθε.
1076 3005 1138 3093 έγοδ
1159 3006 1198 3074 δέ

200 3111 425 3200 διαγινώσκειν
454 3113 514 3200 μέν
540 3109 620 3200 ύμῖν
644 3116 718 3202 περί
737 3115 817 3201 ἐμοῦ
845 3117 900 3183 καί
921 3120 987 3181 τῶν
1008 3116 1095 3200 ἐμάν
1130 3113 1196 3180 ἐπι

198 3219 319 3310 τρόπω,
344 3218 568 3306 διαδοξάζεινί)
593 3219 629 3287 δέ
644 3219 764 3288 ἅπασιν
783 3218 993 3309 ἀπαγορεύω,
1015 3221 1070 3288 καὶ
1093 3224 1198 3288 ταῦτα

199 3328 273 3415 περί
296 3323 415 3415 ἀνδρὸς
436 3322 546 3411 δςούχ
571 3323 655 3394 έκοδν
677 3322 744 3395 ἀλλ’
761 3325 849 3395 άκων
875 3325 1008 3414 άφῖκται
1033 3329 1078 3405 είς
1103 3328 1199 3415 Τροί-

201 3459 261 3516 αν,
295 3434 350 3501 ιιαί
372 3434 446 3522 περὶ
472 3432 552 3518 ἐμοῦ
573 3429 611 3511 δς
631 3437 759 3520 πρῶτος
781 3431 831 3502 άεί
844 3434 900 3502 καί
924 3430 1025 3519 μόνος
1040 3433 1095 3499 καί
1117 3429 1199 3499 ἄνευ

200 3540 324 3624 τείχους
346 3537 508 3625 τέταγμαι.

256 3734 279 3800 ¹)
317 3737 432 3800 Propter
451 3737 560 3788 Prodici
580 3743 607 3787 οῑ
622 3737 740 3801 Gorgiae
758 3737 936 3788 imitationem
954 3736 1003 3786 has
1023 3736 1089 3787 δοεε
1108 3736 1200 3787 ‹locia-

202 3826 333 3879 motiones
352 3825 484 3888 genuinas
501 3826 601 3876 habeo.

593 3951 805 3959 *m
