2717 4550
598 409 812 469 „g,.·

193 558 409 646 Ἀριστοτέλης
433 557 451 628 6
474 558 742 647 φιλόσοφος,·ἐτι
774 560 1036 648 δέἈναξιμέυης
1059 560 1077 628 6
1101 569 1194 648 Λαμ-
1224 546 1228 555 A

194 665 340 753 ιγακηνδς
361 668 415 733 καὶ
444 664 583 735 Πλάτων
612 663 630 734 6
660 664 848 754 Ἀθηναῖος·
879 669 925 735 tn
957 668 991 735 δέ
1024 674 1090 736 τῶν
1123 676 1201 749 Πυ-Υ

195 778 383 861 θαγορικῶν
414 770 606 859 φιλοσόφον
654 776 688 843 ol
723 781 899 843 τελευταῖοι
936 776 1095 862 Ξενοφῶν
1130 802 1190 843 τε.

195 876 414 966 έσχατογήρως
446 878 507 956 όν,
545 876 748 966 Ἀρίστιππός
769 906 803 948 τε
834 882 889 947 καί
908 878 1190 969 Ἀντισθένης,

193 983 275 1073 πρὸς
296 985 331 1053 δὲ
352 983 481 1064 τούτοις
503 988 655 1072 Αἰσχίνης
684 983 702 1054 6
726 985 892 1073 Σφήττιος
922 983 939 1055 ὁ
963 986 1187 1076 Σαυιρατικός.

194 1092 346 1160 Mortuus
374 1092 426 1160 'est
450 1092 583 1160 Athenis
614 1095 902 1182 septuagenarius,-
928 1105 1008 1162 teste
1042 1095 1185 1163 Eudoeia

126 1228 129 1241 «
196 1221 226 1289 ι
252 1205 315 1281 ιε,
339 1196 544 1289 telmeso
665 1286 667 1293 ,

261 1304 503 1372 Aunisnuunus
538 1305 647 1372 docuit
682 1307 714 1373 in
749 1309 921 1397 gymnasio,
955 1289 1190 1396 Cyilosarge

194 1412 278 1478 haud
310 1413 405 1498 longo
427 1435 444 1477 a
468 1422 561 1498 porta
584 1422 619 1479 et
647 1410 836 1504 Cynicam
860 1422 1010 1481 sectam
1035 1413 1187 1480 condidit.
1264 1452 1268 1459 ,

194 1517 309 1584 Suidas
344 1541 368 1584 s.
402 1540 432 1584 v.
457 1508 553 1595 οὗτος
586 1509 647 1584 οὖν
682 1520 735 1584 καί
762 1524 818 1605 της
841 1523 986 1604 Κυνικῆς
1007 1514 1188 1603 κατήρξατο

194 1625 390 1709 φιλοσοφίας
411 1621 482 1709 ήτις
504 1622 607 1701 οὕτως
630 1621 751 1710 ἐκλήθη
781 1623 835 1690 διὰ
857 1623 896 1691 τό
920 1624 955 1690 ἐν
982 1620 1191 1711 Κυνοσάργει

95 1746 100 1753 “
190 1734 236 1819 τῳ
258 1731 425 1818 γυμνασίῳ
448 1726 575 1809 διδάξαι
597 1726 714 1801 αὐτόν,
746 1732 802 1797 καί
823 1730 1003 1815 Διογένους
1025 1730 1060 1798 δέ
1083 1738 1188 1815 καθη-

190 1832 288 1921 γητὴς
309 1834 420 1920 γέγονε
439 1840 499 1901 τοῦ
521 1833 620 1913 κυνός
642 1837 697 1902 καί
718 1841 783 1904 τῶν
804 1842 938 1904 λοιπῶν.
962 1837 1057 1925 Diog.
1082 1837 1187 1903 Laert.

190 1939 246 2009 Vl.
279 1948 330 2008 13.
354 1940 510 2026 διελέγετο
537 1939 566 2008 δ’
597 1943 632 2008 ἐν
655 1940 860 2030 Κυνοσάργει
881 1946 1048 2034 γυμνασίῳ
1071 1940 1188 2029 μικρόν

191 2045 318 2114 ἄποθεν
339 2052 405 2114 τῶν
426 2052 552 2115 πυλῶν·
588 2047 669 2116 ὅθεν
702 2047 787 2126 τινές
816 2049 871 2114 καί
891 2047 953 2136 τήν
974 2046 1112 2135 κυνικὴν
1135 2048 1184 2115 ἐν·
1268 2106 1272 2113 .

190 2158 307 2221 τεῦθεν
330 2150 570 2239 ὀνομασθῆναι.
590 2146 695 2232 αὐτός
709 2179 742 2221 τε
755 2154 934 2222 ἐπεκαλεῖτο
946 2152 1185 2222 Ἁπλοκύων.

190 2260 245 2327 καί
275 2265 401 2347 πρῶτος
434 2259 587 2329 ἐδίπλωσε
609 2259 668 2329 τδν
689 2263 846 2348 τρίβωνα,
879 2258 968 2328 καθά
1000 2278 1081 2348 φησι
1103 2268 1181 2327 Aw-

188 2371 281 2452 κλής,
304 2368 358 2462 καί
380 2363 470 2457 μόνῳ
493 2365 581 2458 αὐτῷ
595 2369 617 2454 2)
644 2368 771 2455 ἐχρῆτο·
795 2365 935 2455 βάκτρον
949 2370 971 2453 3)
996 2393 1029 2435 τε
1049 2364 1184 2453 ἀνέλαβε

189 2474 243 2539 καὶ
264 2468 381 2558 πήραν.
427 2472 511 2539 Plut.
537 2476 590 2540 vit.
615 2473 706 2541 Brut.
731 2497 757 2541 c.
782 2480 834 2541 34.
867 2476 906 2542 de
930 2473 1051 2564 Cynico
1079 2474 1186 2542 Favo-

190 2580 259 2647 nio:
285 2574 333 2664 ἐηί
358 2573 407 2655 οἷς
429 2574 449 2646 6
471 2577 530 2663 μέν
552 2576 696 2658 Κάσσιος
719 2579 881 2665 ἐγέλασεν,
918 2576 935 2646 6
970 2580 1005 2647 δέ
1041 2585 1195 2672 Βροῦτος

190 2683 339 2778 ἐξέβαλεν
361 2681 463 2751 αὐτόν
493 2681 701 2753 ἁπλόκυνα
726 2687 782 2753 καὶ
808 2675 994 2764 ψευδόκυνα
1025 2702 1185 2772 προσαγο-

117 2831 121 2839 ·
188 2788 309 2878 ρεόαυ.
333 2792 389 2858 uhi
421 2813 450 2858 v.
476 2789 604 2860 Coraes.
629 2791 723 2860 Conf.
759 2793 786 2860 1.
811 2791 885 2859 Chr.
909 2791 1021 2876 lliihnn
1037 2793 1109 2858 diss.
1144 2793 1184 2858 de

192 2897 377 2989 Cynosarge
411 2900 574 2987 gymnasio
608 2900 693 2990 apud
725 2892 935 2966 'Athenienses
966 2900 1040 2965 olim
1064 2898 1185 2965 celebri

187 3004 275 3092 lips.
302 3010 399 3072 1742.
422 3028 454 3093 p.
477 3004 559 3072 xlv
593 3029 640 3096 sq.
660 3039 663 3047 ·
686 3006 834 3087 Quatuor
856 3006 938 3070 illins
961 3005 1180 3093 appellationis

192 3134 301 3179 causas
333 3112 437 3178 attulit
469 3107 576 3178 Schol.
611 3112 651 3177 ad
686 3111 849 3178 Aristotel.
883 3132 915 3197 p.
948 3115 1001 3175 23.
1035 3102 1180 3178 Brandis.

51 3259 57 3266 ·
187 3218 369 3286 Κυνικοί
398 3216 434 3284 δὲ
465 3213 648 3303 ἐκλήθησαν
679 3214 733 3283 διὰ
754 3215 910 3302 τέσσαρας
932 3218 1050 3293 αἰτίας·
1074 3213 1096 3302 ή
1116 3213 1180 3301 γάρ

188 3321 243 3391 διὰ
276 3321 314 3391 τό
347 3319 532 3410 άδιάῳορον
559 3328 616 3408 τῆς
639 3328 737 3409 ζωῆς,
762 3320 869 3409 ἐπειδή
899 3323 954 3389 καί
976 3319 1070 3391 αὐτοὶ
1092 3319 1183 3388 άδια-
1270 3386 1273 3389 ,

240 3606 260 3668 ¹)
296 3610 375 3674 Diog.
401 3612 490 3662 Laert.
510 3614 554 3663 Vl.
578 3614 620 3663 18.

240 3694 264 3762 ²)
304 3697 416 3748 Lucian.
437 3701 523 3763 Fugit
543 3716 566 3750 ο.
584 3703 628 3754 21.
648 3702 839 3765 wyttenbach.
854 3701 887 3751 ad
901 3701 970 3750 Plut.
985 3698 1185 3762 detentores.

190 3787 217 3836 iu
237 3786 300 3837 virt.
318 3800 345 3849 p.
364 3787 408 3836 89.
427 3787 456 3835 B·.

243 3872 265 3938 3)
304 3875 340 3925 ib.
361 3875 427 3925 utut.
448 3876 528 3927 Mort.
549 3877 575 3928 3.
