2717 4550
593 439 811 499 ..52-

106 576 110 583 ¹
204 593 350 677 ιιυδλδην.
375 587 394 657 ὁ
415 589 479 677 γὰρ
499 589 760 674 Ἀντισθένης
781 589 836 655 καὶ
849 585 1045 673 προσεπάγει
1066 595 1199 677 τῇιγεν-

205 700 367 786 δογραφίᾳ
389 695 491 782 λέγων
518 694 635 775 οὕτως·
664 692 779 781 ἡμεῖς
813 692 852 760 δέ
884 690 1095 780 ἀκούομεν
1124 693 1200 763 πάν

203 807 249 889 τῇ
269 801 369 887 πρδς
391 799 596 881 Βοιωτούς
617 798 723 889 μάχη
746 795 960 887 τάριστεῖά
982 815 1024 867 σε
1045 805 1198 887 λαβεῖν.

204 905 408 995 Εὐφήμει,
431 899 458 977 ύ
480 906 581 989 ξένε·
602 902 860 993 Ἀλκιβιάδου
887 903 933 972 τδ
954 903 1094 992 γέρας,
1126 903 1202 973 ούιι

673 1180 732 1246 xl.

173 1368 177 1379 ,
270 1331 386 1399 Athen.
409 1330 490 1399 XII.
513 1353 545 1420 p.
576 1334 652 1402 513.
684 1329 724 1395 A.
759 1325 1023 1413 Ἀντισθένης
1056 1325 1091 1394 δέ
1126 1325 1201 1412 τὴν

202 1433 358 1524 ἡδονὴν
377 1434 536 1522 άγαδδν
556 1433 640 1504 εἶναι
659 1432 796 1522 φάσκων
812 1432 994 1523 προσέθηκε
1014 1430 1087 1519 τὴν
1111 1429 1199 1517 ύμε

203 1542 436 1630 ταμέλητον.
482 1543 648 1635 Wyuenb.
672 1543 722 1610 ad.
739 1541 823 1609 PIuI.
840 1563 945 1628 ρεεεο.
969 1540 1059 1606 sanit.
1074 1533 1198 1606 mend.

203 1673 234 1736 p.
257 1657 331 1718 137.
361 1649 398 1716 Β.

662 1818 737 1882 IIII.
810 1862 813 1868 ,

271 1965 428 2033 Eusebius
455 1986 565 2053 praep.
596 1987 709 2053 evang.
737 1963 811 2031 XV.
850 1971 900 2031 13.
936 1961 1201 2048 Ἀντισθένης

200 2065 453 2156 Ἡρακλεωτικύς
479 2095 528 2148 τις
563 2067 647 2156 ἀνὴρ
678 2069 717 2137 τὸ
750 2067 919 2159 φρόνημα,
960 2069 997 2148 ὃς
1027 2070 1089 2155 ἔφη
1125 2075 1202 2136 τοῦ

204 2176 382 2263 ἥδεσθαι
403 2174 448 2243 τύ
472 2179 700 2262 μαλνεσδοιι
721 2184 909 2259 κρεῖττον
935 2173 1054 2243 εἶναι·
1073 2174 1125 2242 διδ
1145 2177 1202 2242 καὶ

206 2282 342 2371 παρῄνει
368 2291 436 2361 τοῖς
457 2284 631 2369 γνωρίμοις
667 2281 865 2368 μηδέποτε
893 2280 1019 2369 χάριν
1047 2279 1202 2369 ἡδονῆς

204 2388 405 2457 δάκτυλον
439 2389 624 2456 ἐκτεῖναι.
672 2388 773 2456 CIem.
804 2389 900 2455 Alex.
934 2387 1053 2457 Strom.
1075 2388 1119 2454 II.
1145 2395 1200 2455 20.
1251 2441 1255 2446 .

100 2561 106 2576 ,
204 2518 234 2583 p.
264 2502 340 2566 492.
362 2496 398 2561 A.
424 2495 544 2563 Gellius
565 2494 628 2561 IX.
653 2501 684 2563 5.
705 2493 772 2562 Cic.
801 2495 841 2561 de
859 2494 947 2560 finib.
978 2495 1137 2561 bonorum
1168 2506 1201 2558 ολ

205 2604 361 2669 malorum
393 2600 431 2669 V.
455 2605 514 2681 31,
539 2605 593 2668 93.
609 2598 706 2710 Iliog.
727 2599 834 2668 [ωειλ.
856 2599 918 2666 ΙΧ.
946 2606 1020 2666 101.

651 2764 741 2836 XIII.
869 2769 871 2772 ’

273 2919 463 2987 Aristoteles
489 2919 584 2986 Polit.
610 2918 671 2986 lll.
705 2924 737 2986 8.
759 2917 814 2984 καὶ
842 2914 906 3003 γάρ
931 2921 1058 3001 γελοῖος
1084 2913 1126 2982 ἄν
1149 2919 1199 2999 εἴη
1287 2987 1293 2997 ‚

204 3032 394 3109 νομοθετεῖν
425 3049 473 3102 τις
502 3021 700 3111 πειρώμενος
732 3019 806 3090 κατ’,
827 3019 950 3089 αὐτῶν·
982 3019 1105 3106 λέγοιεν
1135 3019 1199 3108 γάρ

206 3127 248 3197 άν
281 3133 359 3208 ἴσως
387 3128 468 3217 άπερ
502 3125 770 3214 Ἀντισθένης
801 3127 863 3214 ἔφη
903 3123 1002 3206 τούς
1033 3125 1199 3202 λέοντας

205 3232 552 3320 δημηγορούντων
573 3239 650 3302 τῶν
672 3230 916 3300 δασυπόδων
939 3233 1005 3299 καὶ
1032 3229 1078 3322 τὸ
1107 3235 1198 3297 ἴσον

206 3338 433 3421 ἀξιούντων
465 3337 621 3419 πάντας
650 3339 763 3427 ἔχειν.

559 3527 564 3535 ·
658 3509 746 3573 xlv.

272 3658 455 3726 Demetrius
478 3658 604 3724 Phaler.
632 3656 671 3722 de
695 3658 812 3723 εΙοοιιλ.
839 3662 900 3723 261
930 3661 970 3744 (p.
998 3658 1082 3740 137).
1105 3679 1199 3738 ποιη-
1275 3702 1281 3707 -

112 3792 115 3797 ·
205 3761 296 3832 τικύν
322 3763 358 3831 δέ
383 3759 562 3848 δεινότητός
597 3761 683 3827 ἐστιν
718 3762 772 3828 καὶ
805 3759 843 3830 τὸ
877 3761 958 3830 τέλει
993 3759 1120 3828 τιθέναι
1160 3758 1198 3826 τό

93 3913 97 3920 .
205 3868 407 3940 δεινότατον·
441 3864 775 3954 παραλαμβανόμενον
808 3865 871 3952 γάρ
904 3867 940 3935 ἐν
964 3867 1049 3957 μέσῳ
1076 3863 1201 3952 ἀμβλύ-
