2717 4550
576 432 913 525 „3332v

611 633 763 697 XXXVI.

275 801 325 868 lb.
348 808 379 868 9.
405 797 497 887 Πρὸς
518 796 555 866 τὸ
578 800 860 885 παρασχηματίζον
882 795 985 865 αύτού
998 802 1044 888 τῷ
1058 795 1181 886 πλάστρ

187 903 369 993 μειράκιον,
400 904 482 972 Είπί
515 929 585 990 μοι,
621 905 735 989 φησὶν,
771 905 805 971 εί
838 900 980 990 φωνὴν
1011 901 1129 989 λάβοι
1164 899 1182 968 ὁ

186 1010 347 1098 χαλκὸς,
371 1011 432 1077 ἐπὶ
454 996 548 1077 τίνι
565 1006 615 1076 άν
642 1013 961 1094 σεμνυνθῆναι;
992 1013 1064 1101 ,Τού
1087 1006 1116 1077 δ’
1140 1010 1183 1075 εί-

187 1114 425 1199 πύντος,ιἘπὶ
458 1112 583 1198 κάλλει,
605 1112 687 1182 Ούκ
718 1112 890 1201 αἰσχύνῃ
914 1106 1002 1197 οὖν,
1035 1114 1113 1199 ἔφη,
1136 1111 1183 1180 τά

159 1268 162 1273 ,
188 1221 307 1307 ὅμοια
328 1219 514 1307 γεγηθὼς
537 1218 689 1312 άψύχρι.

603 1388 770 1453 XXXVII.

277 1528 343 1605 lh.‘
382 1542 547 1605 Ποντικοῦ
593 1539 767 1607 νεανίσκου
815 1533 1036 1622 πολυωρήσειν
1081 1532 1183 1614 αὐτὸν

188 1642 475 1729 ἐπαγγελλομένου,
505 1645 532 1709 εί
559 1640 597 1709 τὰ
618 1648 735 1709 πλοῖον
766 1639 915 1728 άφὶκοιτο
945 1646 1011 1707 τῶν
1042 1644 1181 1727 ταρίχων

99 1739 102 1742 ’
188 1748 297 1837 λαβύν
319 1747 420 1816 αύτὸν
439 1749 495 1816 καὶ
522 1747 671 1815 θύλακον
703 1746 814 1830 κενὸν,
850 1745 932 1835 πρὸς
963 1743 1183 1834 ἀλφιτόπωλιν

187 1848 243 1943 ἧκε
265 1858 317 1923 καί
340 1853 516 1941 σαξάμενος
538 1851 641 1942 άπῄιι.
692 1859 758 1939 Τῆς
785 1853 821 1921 δὲ
851 1851 1003 1945 αἰτούσης
1039 1851 1077 1921 τό
1113 1853 1184 1920 διά-

189 1986 309 2049 φορον,
331 1958 369 2029 ‘0
390 1963 623 2042 νεανίσκος,
649 1960 721 2046 ἔφη,
745 1957 863 2026 δύσει
885 1958 957 2026 ἐάν
978 1958 1021 2027 τὸ
1044 1960 1184 2027 πλοῖον

189 2065 314 2134 αύτού
337 2072 414 2133 τῶν
437 2069 614 2152 ταρίχων
637 2063 851 2152 ἀφίκηται.
1025 2062 1033 2073 “

594 2234 774 2335 xxxvm.

279 2385 327 2451 Ib.
361 2381 469 2461 Αύτός
501 2384 555 2450 καί
581 2380 703 2473 ’Λνύτῳ
731 2387 790 2467 τῆς
805 2386 926 2468 -φνγῆς
963 2384 1064 2460 οίίτιος
1099 2383 1182 2468 γενέ-

153 2548 157 2554 .
190 2499 269 2557 σθαι
298 2494 388 2557 δοκεῖ
414 2492 469 2556 καὶ
496 2492 628 2579 Μελίτῳ
655 2492 716 2554 τού
748 2484 905 2555 θανάτου.
938 2494 988 2554 10.
1014 2491 1185 2566 Ποντικοῖς

189 2594 251 2681 γάρ
285 2597 466 2673 νεανίσκοις
495 2592 577 2662 κατά
609 2593 701 2671 κλέος
735 2598 794 2660 τού
823 2591 1020 2677 Σωκράτους
1051 2587 1185 2681 άρᾶιγμέ-
1238 2581 1242 2586 .

188 2726 260 2777 νοις
280 2698 458 2787 περιτυχὼν
480 2689 643 2787 ἀπήγαγεν
676 2697 798 2777 αύτούς
825 2697 907 2786 πρὸς
936 2698 994 2766 τὸν
1015 2698 1184 2770 ’Ἆνντον

190 2805 290 2873 είπων
328 2806 363 2873 ἐν
390 2806 465 2892 ἤθει
497 2804 736 2892 σοφώτερον
769 2801 877 2871 είναι
912 2809 984 2871 τού
1016 2802 1185 2892 Σωκρά-

190 2932 300 2989 τους·
342 2909 391 2998 ἐφ’
431 2904 457 3002 ςά
501 2907 819 2997 διαγανακτήσαντας
855 2908 934 2987 τούς
973 2915 1183 2997 περιεστῶτας

191 3017 337 3097 ἐκδιῶξαι
353 3014 463 3084 αύτύν.
922 3009 925 3014 ’

611 3241 765 3307 XXXIX.

280 3443 327 3509 Ib.
357 3450 403 3511 10.
428 3447 470 3513 EI
492 3442 526 3511 δέ
548 3452 630 3510 ποθι
652 3440 807 3510 θεάσαιτο
832 3437 971 3526 γύναιον
992 3440 1181 3526 κεκοσμημέ-

95 3607 98 3612 ,
190 3574 266 3630 νον,
294 3547 391 3637 άπῄει
414 3550 464 3617 ἐπὶ
487 3549 547 3635 τὴν
570 3553 674 3617 οίκίαν
691 3546 791 3634 αὐτῆς
806 3548 859 3614 καὶ
874 3545 995 3613 ἐκέλευε
1007 3543 1065 3611 τὸν
1080 3544 1184 3633 άνδρα

193 3655 358 3740 ἐξαγαγεῖν
395 3660 496 3723 ἵππον
528 3658 582 3724 καὶ
616 3655 714 3723 ὅπλα·
738 3653 818 3722 ὥστε
838 3656 868 3724 ,εί
890 3651 949 3738 μὲν
971 3650 1038 3737 ἔχοι
1065 3658 1182 3733 ταῦτα,

191 3760 248 3848 ἐᾷν
269 3767 414 3851 τρυφάν·
450 3760 644 3849 (ἀμύνεσθαι
673 3760 736 3847 γάρ
763 3757 901 3844 τούτοις)
932 3760 959 3825 εί
980 3757 1016 3826 δὲ
1038 3755 1100 3843 μὴ,
1130 3781 1182 3825 πε-

191 3879 327 3952 ριαιρεῖν
349 3868 407 3938 τὸν
429 3866 559 3955 κόσμον.
904 3853 911 3864 x
