2717 4550
554 465 771 525 ..11-

233 619 467 687 Annsanms
497 618 594 685 libri
622 619 827 685 vehementer
849 618 1010 684 veteribus
1034 621 1162 705 placue-

167 738 243 795 runt
264 728 459 813 fueruntque
475 727 530 813 qni
547 725 615 793 eius
638 724 747 790 stilum
768 746 828 811 pro
845 725 986 791 sincerae
1001 747 1038 791 ac
1063 746 1163 811 purae

168 835 293 901 Atticae
315 833 468 898 orationis
497 852 609 897 norma
643 829 796 896 haherent
811 830 844 913 ¹).
890 827 998 896 Unum
1028 853 1068 896 ex
1092 852 1162 895 om-

167 939 259 1007 nibus
283 936 455 1006 Socraticis
490 936 728 1012 Antisthenem.
748 936 886 1003 laudavit
919 934 1163 1023 Theopompus,

167 1047 222 1132 qui
247 1067 286 1111 eo
308 1044 458 1110 audaciae
480 1043 651 1130 processit,
675 1054 712 1108 ut
734 1042 902 1109 Platonem
923 1044 1022 1109 multa
1046 1042 1161 1131 eBry-

68 1206 71 1211 .
168 1153 255 1217 sonis
290 1161 322 1217 et
356 1149 552 1216 Antisthenis
583 1147 716 1234 dialogis
750 1149 940 1216 suffuratum
965 1171 1035 1215 esse
1057 1149 1165 1216 crimi-

168 1267 309 1323 naretur.
334 1254 429 1342 Diog.
460 1255 565 1321 Laert.
590 1254 645 1322 Vl.
684 1258 735 1320 ld.
758 1259 877 1321 ccciccc
898 1250 1003 1338 μόνον
1026 1254 1061 1320 ἐκ
1082 1250 1162 1320 κάν-

156 1386 232 1449 Ιτιον
260 1366 478 1445 Σωκρατικῶν
507 1359 699 1445 Θεόπομπος
722 1358 846 1426 ἐπαινεῖ
871 1363 926 1426 καί
950 1376 1030 1447 φησι
1051 1358 1160 1427 δεινόν
1209 1406 1214 1419 -

167 1492 200 1534 τε
223 1464 307 1533 εἶναι
336 1467 390 1533 καί
416 1463 455 1533 δι’
480 1463 614 1551 ὁμιλίας
632 1466 790 1552 ἐμμελοῦς
815 1463 1044 1552 ὑπαγαγέσθαι
1060 1464 1161 1534 πάνθ’

168 1570 321 1639 ὁντινοῦν
332 1575 365 1655 2).
396 1572 528 1641 Athen.
555 1573 616 1639 Xl.
649 1579 726 1640 508.
751 1572 788 1640 C.
812 1571 945 1660 καὶγὰρ
970 1570 1163 1659 Θεόπομπος

168 1676 187 1744 ὁ
221 1684 306 1756 Χῖος
336 1679 372 1744 ἐν
393 1684 438 1770 τῷ
459 1677 541 1745 κατὰ
567 1683 624 1764 τῆς
649 1675 826 1757 Πλάτωνος
849 1684 1013 1767 διατριβῆς
1046 1732 1065 1761 ,,
1078 1678 1174 1757 Totie'

168 1782 309 1863 πολλοὺς
348 1786 459 1871 (φησὶ)
498 1790 563 1852 τῶν
593 1782 754 1868 διαλόγων
786 1783 891 1853 αὐτοῦ
926 1782 1073 1872 ἀχρείους
1111 1786 1166 1852 καὶ

167 1886 296 1969 &endiis
315 1889 358 1958 ἄν
379 1916 428 1969 τις
450 1889 571 1979 εὕροιί*
594 1889 784 1978 ἀλλοτρίους
806 1892 841 1959 δὲ
856 1890 935 1969 τούς
954 1894 1084 1969 πλείους
1110 1890 1164 1957 ὅν·

169 2021 226 2074 τας
249 1996 283 2062 ἐκ
312 2001 377 2064 τῶν
401 1994 616 2082 Ἀριστίππου
643 2001 880 2084 διατριβῶν,
913 1998 1019 2088 ἐνίους
1046 1996 1081 2063 di
1103 1996 1166 2063 κιίκ

167 2110 233 2170 τῶν
255 2101 556 2186 Ἀντισθένους,
585 2102 727 2181 πολλοὺς
752 2101 872 2171 distein
899 2109 964 2170 coin
987 2102 1164 2189 Bodionticos

168 2215 229 2279 τοῦ
262 2205 494 2297 Ἡρακλεώτου.
547 2208 651 2278 Etiam
689 2213 816 2298 gravius
851 2212 970 2279 crimen
1011 2210 1163 2278 Aeschini

170 2317 290 2399 obiecit
316 2317 483 2383 Persaeus*
509 2340 559 2404 ap.
591 2318 685 2404 Diog.
721 2317 825 2384 Laert.
856 2318 898 2383 ll.
930 2325 984 2385 61.
1015 2318 1070 2384 καὶ
1100 2321 1165 2384 τῶν

169 2420 248 2489 ἑπτα
277 2422 313 2489 di
338 2420 417 2499 τούς
430 2426 611 2510 ιπλείστους
644 2420 805 2508 Περσαῖός
836 2407 931 2509 φησιῖ
949 2429 1166 2509 Πασιφῶντος

169 2524 253 2595 εἶναι
275 2524 345 2595 τοῦ
360 2525 556 2615 Ἐρετρικοῦ,
581 2532 625 2607 είς
646 2527 725 2607 τούς
745 2533 900 2616 Αἰσχίνου
921 2524 958 2597 δὲ
980 2528 1163 2609 κατατάξαι.

166 2632 333 2701 Ἀλλάκαί
351 2632 709 2714 τὸνἈντισθένους
726 2634 833 2703 τόντε
855 2634 1002 2722 μικρὸν
1025 2631 1165 2722 Κῦρον

167 2742 222 2807 καί
251 2739 310 2808 τὸν
333 2737 527 2826 Ἡρακλέα
550 2740 623 2810 τὸν
650 2740 804 2810 ἐλάσσω
829 2744 883 2809 καὶ
908 2739 1165 2828 Ἀλκιβιάδην
1237 2787 1244 2794 -

91 2861 98 2870 ’
167 2849 222 2913 καὶ
254 2844 333 2923 τούς
366 2852 431 2912 τῶν
461 2846 567 2914 ἄλλων
595 2848 630 2915 δὲ
654 2845 875 2933 ἐσκευώρηται.
920 2848 1090 2915 Panaetius
1114 2871 1163 2935 ap.

170 2953 266 3039 Diog.
301 2953 406 3019 Laert.
430 2954 471 3018 ll.
504 2960 557 3046 61.
589 2955 670 3039 (coll.
695 2956 856 3042 85l‘quin
884 2955 1027 3021 Platonis
1054 2954 1164 3020 Xeno-

170 3061 296 3148 phontis
317 3059 483 3126 Aeschinis
504 3070 536 3128 et
565 3059 760 3126 Antisthenis
784 3062 899 3146 dialogi
929 3062 1057 3146 genuini
1086 3063 1163 3136 sint,

171 3190 234 3234 non
274 3167 449 3242 dubitavit,
492 3167 531 3232 de
569 3167 749 3233 Phaedonis
782 3178 812 3232 et
844 3166 1177 3251 vliuelidisamhigit,¹
1294 3239 1301 3250 s

52 3307 59 3328 x
172 3285 304 3341 ceteros
324 3296 433 3340 omnes
452 3274 585 3356 damnat.

175 3473 377 3479 mun-›u-
393 3472 439 3479 --.

225 3577 245 3637 ¹)
282 3579 380 3651 Phryn.
406 3594 448 3642 ap.
473 3581 550 3630 Phot.
576 3581 640 3629 bibl.
665 3594 691 3643 p.
715 3579 776 3630 326.
795 3580 894 3628 Zenon.
913 3592 956 3641 ap.
975 3579 1053 3642 Diog.
1071 3580 1162 3629 Laert.

172 3668 228 3715 Vll.
255 3666 299 3715 111.
317 3667 361 3715 31.
379 3668 489 3731 Dionys.
509 3669 599 3718 Halic.
619 3669 651 3727 de
671 3667 793 3730 Thucyd.
812 3667 867 3717 iud.
886 3682 911 3729 p.
932 3668 993 3717 206.
1011 3669 1076 3716 Luc.
1102 3668 1162 3717 adv.

171 3755 270 3804 indoct.
290 3768 314 3804 e.
333 3756 376 3805 27.
395 3755 508 3820 Epictet.
525 3757 597 3807 Diss.
616 3759 649 3806 ll.
676 3758 724 3813 17,
743 3758 785 3806 35.
806 3757 950 3805 Frontonis
970 3757 1048 3819 epist.
1064 3757 1097 3805 ad
1112 3757 1162 3805 Ve-

172 3857 231 3892 rum
248 3858 274 3907 p.
294 3844 354 3894 173.
374 3844 407 3893 de
427 3844 497 3908 eloq.
515 3860 542 3908 p.
560 3846 621 3895 229.
641 3845 683 3896 ed.
703 3846 767 3896 Mai.
786 3846 821 3894 ll.

224 3928 244 3991 2}
282 3933 349 3982 Xen-
370 3932 451 3984 Conv.
472 3934 515 3981 lv.
540 3934 584 3984 61.
604 3927 674 3983 ΡΙαί.
695 3947 780 3998 symp.
799 3938 902 3997 quaest.
921 3934 954 3983 11.
981 3934 1005 3981 1.
1023 3932 1048 3981 6.
