2717 4550
540 457 757 517 ..31-

152 610 392 701 μαστροπδς
424 615 487 697 είης
520 617 646 699 Σαφῶς
674 611 775 699 ’γευή
805 615 886 693 Δία,
917 609 1034 690 πάντες
1050 609 1152 679 εἷπον.

154 719 286 788 Ούκούν
320 723 351 786 εί
381 744 430 796 τις
468 716 641 798 τοιούτους
677 716 812 786 δύναιτο
844 715 1068 804 ἐξεργάζεσθαι
1106 709 1152 784 ὧν

152 828 370 914 προστατοίη,
399 828 531 904 δικαίως
562 823 606 893 άυ
628 824 711 912 μέγα
736 827 876 913 φρονοίη
907 825 959 891 ἐπὶ
986 829 1027 912 τῇ
1059 823 1153 911 τέχνη

151 934 207 1001 καὶ
233 935 365 1010 δικαίως
399 929 442 999 άν
481 929 589 999 πολύν
619 929 744 1018 μισθδυ
775 928 952 1017 λαμβάνοις
997 936 1052 1000 61.
1086 930 1154 997 ἐπεὶ

152 1039 188 1106 δέ
208 1040 380 1106 καὶταῦτα
407 1035 524 1116 πάντες
550 1035 820 1124 συνωμολόγουν,
848 1042 1005 1115 Τοιοῦτος
1025 1035 1151 1123 μέντοι,

152 1145 225 1232 ἐφη,
248 1170 304 1231 μοι
319 1148 408 1239 δοκεῖ
420 1134 678 1230 Ἀντισθένης
694 1141 778 1210 είναι
795 1133 900 1221 ούτος.
923 1138 1012 1212 καὶὸ
1031 1139 1153 1210 ’Arre

152 1242 316 1337 σδένης,
341 1247 444 1336 Ἐμοί,
469 1249 547 1336 ἔφη,
570 1252 775 1336 παραδίδως,
811 1241 838 1316 ὦ
866 1246 1055 1336 Σώκρατες,
1090 1247 1151 1335 τὴν

151 1356 284 1443 κε’χυηυς
308 1358 376 1423 Ναὶ
403 1353 450 1441 μά
473 1334 633 1443 Δί’,ἐφη
663 1352 731 1443 δρῶ·
753 1352 816 1443 γάρ
845 1372 880 1422 σε
899 1357 955 1422 καὶ
984 1353 1045 1441 τὴν
1077 1352 1153 1422 άκύ·

153 1470 279 1531 λουθου
300 1461 420 1547 ταύτης
434 1460 522 1530 πάνυ
538 1461 792 1548 ἐξειργασμένον.
811 1488 813 1493 ’
839 1469 892 1529 62.
913 1465 994 1559 Τίνα
1012 1459 1152 1558 ταύτηνς

157 1567 238 1656 Τὴν
263 1571 569 1657 προαγωγείαν,Ι
602 1570 675 1656 ἐφη.
713 1570 769 1636 καὶ
796 1566 833 1647 δς
866 1565 962 1659 μάλα,
978 1566 1152 1654 άχδεσθεὶς

152 1672 301 1763 ἐπήρετο,
325 1676 392 1741 Καὶ
410 1679 441 1742 τί
454 1701 511 1762 μοι
532 1673 713 1758 σύνοισθα,
738 1667 968 1762 ιδΣάκρατες,
998 1680 1149 1741 τοιοῦτον

152 1781 363 1873 είργασμένφς
390 1778 473 1849 Οἶδα
492 1781 571 1867 μέν,
596 1781 674 1867 ἐφη,
692 1796 726 1847 σε
748 1784 894 1849 Καλλίαν
915 1782 1046 1848 τουτονὶ
1072 1805 1157 1869 προ·

152 1885 382 1973 αγωγεύσαντα
411 1893 457 1979 τῷ
481 1893 575 1979 σοφῷ
614 1889 779 1978 Προδίκῳ,
815 1886 866 1956 ὅτε
898 1884 1000 1975 ἑώρας
1033 1893 1151 1955 τούτου

59 1978 67 2000 ²
151 1993 211 2080 μὲν
239 1997 436 2082 φιλοσοφίας
464 1995 603 2082 ἐρῶντα,
636 1994 760 2060 ἐκεῖνον
783 1992 818 2060 δὲ
843 1990 1014 2079 χρημάτων
1042 1991 1152 2079 δεύμε-

151 2121 225 2168 νον·
249 2097 324 2167 οίδα
345 2099 379 2167 δέ
410 2117 444 2168 σε
467 2098 573 2191 Ἱππίᾳ
592 2105 638 2191 τῷ
662 2097 790 2190 Ἠλείῳ,
813 2098 888 2187 παρ’
912 2090 954 2166 ού
980 2090 1077 2178 οὗτος
1099 2085 1167 2165 καλ

78 2214 83 2227 ’
150 2205 189 2275 τὸ
219 2204 420 2293 μνημονικὸν
447 2207 586 2294 ἔμαθεν·
621 2203 676 2294 άφ’
702 2198 743 2275 οὗ
772 2205 811 2294 δὴ
842 2207 897 2273 καὶ
924 2203 1156 2294 ἐρωτικώτερος

151 2313 318 2400 γεγένηται
338 2311 392 2394 διά
419 2312 469 2382 τὸ·
489 2312 523 2396 ὅ,
558 2339 590 2381 τι
615 2311 658 2381 άν
688 2311 790 2381 καλὸν
822 2316 876 2401 ίδη
909 2299 1067 2399 μηδέποτε
1090 2313 1155 2380 ἐπι-

152 2417 387 2488 λανθάνεσθαι.
443 2428 496 2488 63.
532 2419 667 2507 ἔναγχος
692 2420 727 2487 δὲ
758 2406 865 2507 δήπου
896 2421 951 2486 καὶ
985 2418 1069 2507 πρὸς
1102 2419 1156 2506 ἐμὲ

154 2529 296 2595 ἐπαινῶν
314 2525 372 2594 τδν
387 2522 610 2616 Ἡρακλεώτην
631 2526 762 2612 ξένουί),
779 2527 848 2593 ἐπεί
857 2552 895 2612 με
919 2523 1071 2613 ἐποίησας
1089 2527 1154 2593 ἐπι-

153 2642 273 2719 θυμεῖν
291 2631 413 2716 αύτού,
437 2624 634 2726 συνέστησας
662 2658 719 2719 μοι
743 2625 859 2700 αὐτόν.
883 2634 936 2700 καὶ
956 2630 1053 2721 χάριν
1080 2632 1157 2718 μέν·

152 2764 204 2807 τοι
230 2756 283 2826 σοι
299 2740 374 2826 ἔχω·
399 2738 488 2808 πάνυ
513 2737 576 2828 γάρ
605 2723 706 2818 καλδς
725 2736 873 2824 κάγαδδς
904 2742 994 2806 δοκεῖ
1019 2764 1075 2824 μοι
1108 2736 1162 2806 εἶ-

157 2922 422 2930 ——a-——n--wm

207 3042 228 3105 ¹)
264 3044 391 3108 Plerique
409 3045 574 3107 interpretes
593 3045 714 3108 cogitant
727 3043 761 3093 de
774 3042 910 3107 Zeuxippo
923 3043 1036 3106 pictore.
1073 3043 1155 3108 Equi·

158 3134 219 3184 dem
245 3139 311 3184 vero
335 3145 449 3196 censeo,
478 3134 660 3197 Brysonem
694 3132 806 3182 silium
842 3132 1012 3182 Herodoti
1048 3133 1155 3182 Hera·

158 3222 300 3271 oleatae
319 3221 472 3278 Pontici,
494 3219 540 3285 (de
558 3234 612 3285 quo
630 3226 705 3271 errat
723 3219 864 3285 wyttenb.
891 3221 925 3270 ad
944 3221 1013 3280 Plus
1033 3221 1066 3270 de
1086 3225 1153 3271 rect.

157 3311 219 3361 eud.
232 3314 282 3359 rat.
295 3323 320 3373 p.
333 3309 378 3360 39.
388 3310 426 3369 B.)
434 3310 501 3365 eius,
508 3310 553 3374 qui
567 3310 600 3359 de
614 3310 732 3360 Hercule
745 3310 970 3359 commentarium
980 3310 1098 3372 scripsit,
1112 3310 1156 3358 in·

157 3398 332 3462 telligendum
359 3411 428 3449 esse.
464 3398 559 3448 Suides
587 3399 660 3448 enim
688 3412 710 3447 s.
738 3392 887 3462 Σωκράτης
914 3399 944 3450 Τ.
973 3399 1020 3447 ΙΙΙ.
1045 3401 1071 3462 p.
1092 3400 1153 3448 352.

157 3500 303 3537 recensens
322 3486 442 3538 Socratis
466 3486 614 3550 discipulos
633 3482 785 3537 Γλαύκωνα
803 3479 963 3551 Ἀθηναῖον,
984 3481 1154 3552 Βρύσωνα

158 3566 411 3641 Ἡρακλεώτην,
438 3565 550 3640 δς-τὴν
578 3568 714 3640 ἐρωτικὴν
742 3572 912 3639 διαλεκτικὴν
935 3570 1058 3639 εἰσήγαγε
1085 3572 1156 3639 μετὰ
1224 3599 1235 3620 s

158 3655 323 3722 Ελύκλείδους
340 3689 375 3701 -
393 3657 465 3723 τινές
482 3659 513 3715 δέ
532 3660 700 3729 Βρύσωνα
718 3656 751 3714 ού
778 3659 944 3725 Σωκράτους
962 3656 1019 3713 ἀλλ’
1047 3657 1156 3715 Etesi-

160 3750 211 3803 δου
238 3744 379 3816 άκροατην
405 3748 553 3816 γράφουσι·
576 3748 684 3824 Ιτούτου
711 3746 742 3801 δέ
767 3749 813 3802 καί
846 3741 966 3817 Πύρρων
992 3745 1153 3816 ἠκροάσατο.

160 3840 301 3892 Aristotel.
330 3841 414 3904 Soph.
441 3840 553 3891 Eleneh.
571 3855 593 3891 ο.
615 3842 660 3892 Xl.
681 3856 708 3906 p.
729 3841 790 3892 562.
808 3842 867 3905 Rip
886 3831 940 3890 ἀλλ’
959 3832 998 3898 εἰς
1015 3836 1160 3904 Βρύσων

161 3923 353 3994 ἐτετραγάνιζε
375 3919 425 3996 τὸν
454 3924 560 3980 κύκλον.
597 3929 707 3993 Amlyt.
726 3930 799 3981 Post.
828 3931 850 3980 1.
877 3929 903 3979 9.
922 3928 1034 3978 Rhetor.
1053 3928 1102 3977 ΙΙΙ.
1132 3930 1182 4008 λ..
