2717 4550
577 436 794 495 ..p-2..

258 590 490 656 Anaisannnis
515 589 669 655 librorum
691 589 826 654 indicem
855 588 911 654 sed
935 610 1084 653 errorum
1104 590 1193 675 'ple-

193 720 269 762 num
297 696 425 762 exhibet
449 693 543 782 Diog.
567 698 672 764 Laeni.
708 692 760 775 vl,
812 702 861 760 l5.
895 696 996 760 hunc:
1030 692 1188 779 φέρονται

191 798 220 868 δ’
245 799 347 868 αὐτοῦ
367 798 599 887 συγγράμματα
619 797 715 884 τόμοι
739 798 831 867 δέκα·

235 913 363 991 πρῶτος
376 909 399 992 1)
437 906 472 972 ἐν
502 898 529 995 ᾧ
556 908 630 987 περὶι
660 905 772 985 λέξεως
800 903 822 991 ἢ
858 907 931 990 περὶ
958 902 1190 992 χαρακτήρων,

282 1017 363 1090 Αίας
386 1009 408 1098 ἢ
434 1016 572 1089 Α’ίαντος
596 1009 712 1096 λόγος,
735 1009 909 1088 Ὀδυσσεὺς
934 1009 957 1096 ι)
981 1013 1054 1095 περὶ
1075 1009 1188 1078 Ὀδυσ-

284 1117 363 1195 σέως
377 1119 398 1201 ’1)
441 1114 593 1199 Ὀρέστου
618 1115 787 1201 Ἀπολογία
813 1116 836 1203 ἢ
857 1108 928 1204 περὶ
951 1123 1016 1183 τῶν
1038 1115 1191 1203 δικογρά-

281 1244 370 1308 φων,
396 1220 568 1308 Ἰσογραφὴ
589 1220 614 1307 ἢ
637 1226 761 1300 Λυσίας
782 1225 835 1290 καὶ
857 1221 1040 1308 Ἰσοκράτης
1053 1228 1075 1303 3)
1105 1223 1189 1310 πρὸς

279 1327 338 1395 τὸν
359 1326 561 1415 Ἰσοκράτους
581 1326 789 1416 Ἀμάρτυρον.

236 1434 336 1520 τόμος
371 1422 544 1520 δεύτερος,
584 1436 619 1499 ἐν
653 1427 679 1524 ᾦ
713 1437 784 1520 περὶ
819 1433 908 1516 ζώων
941 1434 1085 1521 φύσεως,
1116 1438 1190 1521 περὶ

248 1683 274 1754 1)
310 1685 398 1735 Aliter
421 1686 516 1737 Suidas
541 1701 563 1736 s.
589 1700 614 1734 v.
633 1675 713 1746 οὗτος
731 1682 882 1753 συνέγραφε
899 1683 1000 1752 τόμους
1019 1683 1098 1738 δέκα·
1118 1686 1190 1751 προί-

192 1790 241 1826 τον
269 1769 444 1838 Μαγικόν·
473 1767 618 1838 άφηγεῖται
642 1769 672 1825 δὲ
698 1772 758 1840 περί
788 1772 967 1841 Ζωροάστρου
992 1772 1066 1834 τινὸς
1083 1770 1188 1839 μάγον,

194 1855 322 1927 sepimus
339 1859 390 1926 τὴν
408 1859 521 1926 σοφίαν.
540 1861 621 1913 τοῦτο
639 1859 670 1914 δέ
687 1879 759 1922 τινες
776 1858 958 1929 Ἀριστοτέλει,
978 1862 1005 1916 ol
1023 1858 1053 1915 dl
1071 1856 1186 1916 Ῥόδωνι

192 1944 361 2001 οίνατιθέασι.
394 1949 447 2000 Sed
461 1955 535 2000 recte
548 1951 656 2001 videtur
673 1958 792 2003 statuere
810 1954 917 2004 lansius
934 1953 1036 2010 librum
1054 1966 1114 2002 esse
1132 1953 1188 2002 An·

170 2041 320 2090 'tisthenis
342 2038 451 2096 Rhodii,
471 2040 547 2089 cuins
571 2042 789 2107 meminit'lliog.
809 2043 898 2092 Laert.
918 2042 962 2091 Vl.
989 2044 1018 2104 1,
1040 2041 1081 2091 19.
1119 2043 1187 2092 Vos·

191 2114 248 2179 siais
272 2119 334 2179 eom
360 2139 419 2176 esse
443 2126 522 2191 dicit,
547 2129 592 2192 qui
618 2127 673 2179 τῶν
698 2126 857 2194 φιλοσόφων
876 2127 1009 2194 διαδοχὰς
1028 2131 1137 2194 scripsit
1161 2138 1189 2181 et

191 2220 237 2284 qui
255 2232 270 2267 a
289 2219 378 2269 Plinio
396 2220 519 2270 XXXVI.
540 2221 581 2268 12.
602 2220 672 2268 inter
691 2231 736 2267 eos
756 2225 930 2284 recensetur,
949 2220 994 2283 qni
1014 2219 1048 2269 de
1066 2218 1186 2283 Pyrami-

191 2308 271 2357 dibus
299 2309 472 2371 Aegyptiacis
497 2308 672 2372 scripserunt.
712 2308 883 2359 Antisthenis
912 2305 1050 2358 cuiusdam
1077 2308 1189 2366 tertium

189 2396 290 2446 aarum
308 2397 489 2462 Meleagridos
514 2400 646 2446 memorat
665 2396 735 2447 Plut.
759 2397 793 2447 de
811 2396 900 2446 fluviis
920 2397 950 2444 T.
969 2397 1040 2446 le.
1069 2411 1095 2459 p.
1120 2395 1184 2446 tae.

82 2501 86 2510 s
191 2484 301 2534 Hutten·
313 2484 368 2534 Alii
387 2486 658 2548 commemorantur,
678 2500 704 2535 v·
723 2485 861 2547 Aristoph.
881 2484 985 2534 Eccles.
1006 2497 1031 2533 v.
1045 2484 1107 2535 336.
1121 2485 1183 2535 806.

192 2572 260 2622 Xon.
280 2572 393 2622 Memor.
413 2574 461 2623 111.
486 2574 511 2623 t.
525 2574 622 2636 Bergk.
642 2573 676 2622 de
694 2578 747 2622 ant.
768 2587 835 2623 com.
856 2588 881 2637 p.
901 2573 935 2622 86
955 2587 994 2637 sq.

242 2656 263 2722 2)
299 2658 354 2711 Has
378 2661 444 2712 duas
472 2662 681 2712 declamationes
705 2661 857 2711 Antistheni
885 2661 1022 2711 abiudicat
1050 2662 1124 2710 Foss.
1151 2660 1185 2710 de

191 2750 291 2814 Gorgia
313 2765 340 2814 p.
367 2751 409 2801 91.
430 2751 556 2802 Ceterum
575 2750 750 2800 Casaubonus
769 2742 835 2814 dicio
853 2742 1018 2810 Ὀδυσσέως,
1043 2748 1185 2813 Menagius

192 2833 251 2900 περὶ
268 2831 426 2898 Ὀδυσσείας
444 2839 554 2890 mavolt.

230 2922 266 2991 ⁴³)
302 2929 343 2977 lta
361 2928 446 2978 edidit
464 2928 609 2977 Hiibnerns
628 2940 644 2976 e
662 2928 820 2977 coniectura
838 2926 1043 2989 wyttenbachii
1062 2925 1096 2975 ad
1110 2924 1181 2973 Plot.

190 3015 286 3065 Moral.
306 3031 332 3080 p.
352 3016 413 3067 396.
427 3015 470 3068 ed.
484 3015 568 3065 Oion.
583 3016 672 3078 Vulgo
691 3016 831 3078 legebatur
850 3009 992 3079 Ἰσογραφὴ
1011 3006 1029 3078 ἢ
1047 3010 1148 3072 Δεσίας
1168 3003 1186 3075 ἢ

188 3095 350 3169 Ἰσοκράτης.
387 3103 461 3154 lnira
490 3117 551 3153 cum
571 3108 698 3166 corrupta
727 3104 780 3153 sint
799 3104 882 3153 verba
902 3099 962 3167 περὶ
985 3099 1062 3165 νίκης
1080 3099 1185 3152 οἰκονο-

189 3186 278 3254 μικός,
300 3192 393 3240 malim
413 3192 456 3240 hic
476 3191 595 3240 scribere
615 3183 777 3255 άντιγραφή.
803 3188 906 3249 Λυσίας
918 3182 935 3255 ἢ
948 3184 1102 3254 Ἰσοκράτης
1115 3187 1187 3252 πρὸς

190 3276 239 3331 τὸν
261 3274 428 3343 Ἰσοκράτους
451 3272 615 3344 Ἀμάρτυρον
638 3270 707 3341 ὑπὲρ
733 3276 835 3328 Νικίου
874 3280 987 3328 isocrat.
1007 3278 1138 3342 Panegyr.
1156 3278 1183 3335 ὅ.

191 3371 251 3418 188.
275 3362 339 3425 τοὺς
365 3359 395 3416 dl
413 3364 470 3414 wie
487 3362 575 3430 λόγων
603 3359 844 3432 ἀμφισβητοῦντας
869 3363 939 3428 πρὸς
957 3360 1005 3429 μὲν
1025 3364 1077 3429 τὴν
1095 3380 1184 3439 καρα-

190 3451 355 3521 καταθήκην
372 3451 419 3505 καί
437 3451 500 3519 περί
518 3452 573 3504 τοῖν
592 3445 679 3505 datm
697 3443 736 3504 οἷν
754 3453 805 3504 νῦν
823 3452 981 3519 φλυαροῦσι.
1006 3455 1080 3503 lnter
1100 3454 1183 3517 Speu-

191 3544 260 3607 sippi
279 3544 401 3607 dialogos
420 3548 586 3593 memoratur
605 3544 713 3607 alliog.
725 3545 814 3593 Laert.
834 3544 878 3593 lV.
904 3545 929 3594 5.
947 3539 1016 3607 πρὸς
1027 3540 1077 3593 τὸν
1089 3536 1182 3606 Ἀμάρ-

191 3648 279 3699 τυρον.
320 3628 467 3691 Πλάτωνος
486 3626 623 3698 ἐγκώμιον.
662 3633 731 3681 Vide
749 3632 952 3683 Westermanni
970 3631 1034 3680 laist.
1054 3632 1124 3695 eloq.
1140 3645 1182 3694 gr.

190 3724 211 3772 Ι.
241 3737 266 3786 p.
294 3723 356 3772 291.
385 3719 473 3784 Saepe
502 3721 631 3771 contundi
660 3719 701 3771 ίσο
728 3726 754 3771 et
781 3714 841 3780 άντί
869 3721 1007 3775 inlibris,
1029 3719 1181 3769 docuerunt

191 3811 328 3859 Hermann
347 3810 380 3857 ad
400 3810 461 3857 Eur.
483 3810 583 3859 Hecub.
607 3823 644 3858 vs.
660 3810 728 3859 tl5l
741 3815 767 3859 et
780 3810 878 3871 Reisig.
901 3811 994 3857 Enarr.
1018 3808 1099 3870 Soph.
1114 3807 1181 3856 Oed.

192 3898 247 3947 coi.
269 3912 294 3959 p.
314 3897 382 3946 ιιιι,
684 3899 689 3911 ·
